2238 3587
828 52 913 91 IN
973 49 1368 97 GENESIN.
1887 77 1920 115 35

80 124 127 167 ab
138 127 263 165 anima
274 121 533 176 separandum,
560 122 629 162 Sed
639 134 757 176 quum
770 121 865 160 clara
876 126 915 161 sit
925 122 1028 161 Pauli
1038 119 1215 164 sententia
1225 150 1238 174 5
1252 138 1388 165 omnes
1399 127 1441 164 in
1459 122 1583 166 Adam
1597 124 1704 169 ‘mori
1714 160 1728 180 ,
1738 126 1843 170 sicuti
1861 135 1903 172 in
1919 143 2086 178 noa-4024.

81 180 233 222 Christo
244 176 432 230 resurgent
446 197 454 218 :
466 178 537 218 hoc
548 192 699 233 quoque
717 176 855 216 vulnus
868 179 888 217 ὲ
895 192 1047 232 peccato
1057 178 1129 218 fuit
1148 179 1351 220 inflictum.
1380 181 1464 220 Nec
1474 182 1566 223 vero
1575 182 1733 224 difficilis
1745 185 1794 224 est
1804 186 1904 227 illius

82 235 291 293 quaestionis
303 232 438 273 solutio
450 263 461 280 ,
473 236 553 274 Cur
576 235 679 273 Deus
688 235 727 271 in
737 228 933 286 puluerem
953 235 1186 274 reuersurum
1209 239 1430 289 pronuntiet
1439 267 1450 284 ,
1462 241 1528 292 qui
1538 240 1557 277 ἐ
1568 233 1722 292 puluere
1732 240 1903 296 sumptus

81 292 143 333 est.
161 292 269 331 Nam
281 302 324 328 ex
337 293 464 342 quoin
475 303 617 329 tantam
629 288 852 342 dignitatem
863 293 1006 328 euectus
1017 289 1157 340 fuerat,
1167 303 1209 329 vt
1218 294 1259 330 in
1270 306 1315 331 eo
1326 291 1482 347 fulgeret
1490 294 1611 346 gloria
1622 298 1800 349 imaginis
1810 300 1906 338 diui-

81 363 141 389 nae
149 376 160 393 ,
172 345 263 400 pene
277 344 415 398 sepulta
426 359 502 384 erat
512 344 683 385 terrestris
692 347 860 397 eorporis
872 351 995 397 origo,
1026 345 1142 385 Nunc
1153 346 1352 400 postquam
1371 350 1500 388 diuina
1511 356 1549 388 8<
1560 350 1684 391 caelesti
1696 352 1908 394 excellentia

82 402 242 443 nudatus
253 399 408 454 est,quid
415 401 522 440 restat
533 403 600 439 nisi
609 411 650 440 vt
659 397 739 454 ipso
748 403 832 439 vitae
843 403 957 449 exitu,
967 399 1002 439 se
1011 414 1145 441 terram
1155 400 1224 441 effe
1233 402 1417 456 agnoscat?
1438 406 1533 443 Hinc
1546 405 1586 443 fit
1596 418 1636 443 vr
1646 420 1810 447 mortem
1819 404 1909 448 hor-

79 471 248 499 scamus:
261 460 349 511 quia
359 457 579 511 naturaliter
589 458 711 509 expeti
720 468 803 494 non*
816 456 937 508 potest
949 454 1136 512 dissolutio
1147 487 1159 507 ,
1173 473 1254 512 quae
1266 458 1416 499 aduersa
1429 459 1478 498 est
1486 473 1638 510 naturae.
1667 463 1909 504 Transiturus

80 512 236 569 quidem
248 513 320 551 fuit
329 514 476 564 primus
482 511 604 551 ho'mo
615 525 656 550 in
666 510 866 557 meliorem
878 516 996 551 vitam
1009 541 1020 557 ‚
1033 515 1056 551 fi
1066 518 1209 566 integer
1218 513 1368 554 stetisset:
1381 515 1510 555 verum
1522 516 1627 556 nulla
1638 529 1728 555 tunc
1739 517 1826 557 fuiss
1824 532 1862 558 ct
1872 533 1909 559 a-

81 571 203 609 nimae
219 567 240 608 ἓι
256 579 417 621 corpore
433 566 748 621 migratiomulla
758 572 970 622 corruptio,
983 568 1266 609 nullainteritus
1276 569 1413 625 species
1425 571 1546 617 ‚nulla
1564 571 1725 626 denique
1743 578 1907 616 mutatio

83 624 267 664 violenta.
290 622 304 626 ”
494 624 498 625 ’
510 636 513 638 ·
538 632 550 656 ⁷

144 674 190 720 zo
235 692 271 718 tt
286 677 402 720 {tumuit
410 682 515 722 Adam,
564 678 720 733 Duplex
728 678 845 733 potest
855 676 917 718 esse
927 679 1157 736 lectimprior
1167 709 1182 731 >
1192 684 1232 720 in
1245 694 1414 735 tempore
1435 681 1795 737 plusquamperfecto
1805 715 1819 734 ,
1830 686 1907 724 Vo-

81 747 228 776 cauerat
239 736 376 776 Adam.
390 737 481 775 Earn
492 735 628 783 lcCtion
635 749 693 773 em
704 737 725 773 si
737 727 928 790 sequimur
937 766 949 785 2
960 736 1080 777 sensus
1092 739 1210 777 Mons
1219 740 1302 782 erit,
1315 737 1429 790 longe
1441 737 1547 776 fuisse
1557 738 1758 793 deceptum
1770 742 1889 779 Adam
1894 768 1908 790 3

78 794 147 847 qui
157 793 279 831 vitam
289 791 352 830 sibi
366 798 399 830 &
412 790 565 845 posteris
576 792 790 843 promiserit
800 791 845 830 ab
857 804 1103 847 vxore‚quam
1115 793 1239 846 postea
1248 793 1351 831 sensit
1362 792 1433 831 effe
1440 790 1689 836 mortiferam.
1713 796 1770 833 Est
1780 809 1908 835 autem

81 847 184 886 Mosi
192 848 365 885 vsitatum
382 858 394 890 (
406 859 447 886 vt
457 848 532 885 iam
544 847 722 890 vidimus)
735 860 816 886 non
831 846 973 887 seruata
984 848 1146 888 historiae
1155 847 1251 894 serie‚’
1262 847 1440 888 subiicere
1450 864 1530 903 quae
1543 852 1676 889 ordine
1683 853 1807 904 priora
1818 856 1908 893 erat.

81 903 120 942 Si
138 901 239 954 legas
249 904 289 939 in
309 912 479 956 tempore
490 904 678 954 praeterito
686 932 700 950 ,
710 901 834 941 licebit
853 903 912 942 vel
934 906 972 941 in
994 902 1138 943 bonam
1149 932 1160 948 ,
1170 905 1232 943 vel
1244 908 1282 942 in
1299 904 1439 943 malam
1450 918 1593 956 partem
1614 909 1793 959 accipere.
1810 908 1909 946 Sunt

79 960 187 997 enim
205 959 270 1008 qui
291 958 502 997 existimant
524 956 648 995 Adam
659 986 669 1002 ,
680 957 739 1011 spe
763 958 918 997 laetioris
930 959 1040 999 status
1060 963 1220 998 ereetum
1235 988 1245 1004 ‚
1259 963 1346 1012 quia
1379 961 1578 1000 Dominus
1600 975 1710 1014 caput
1733 961 1910 1016 serpentis

77 1011 354 1053 vulnerandum
373 1012 394 1052 ἒι
413 1013 581 1051 mulieris
602 1011 745 1051 semine
766 1014 987 1066 promiserat
998 1044 1008 1060 ‚
1022 1014 1162 1054 vocasse
1181 1029 1263 1053 eam
1283 1016 1489 1057 viuificam.
1532 1017 1584 1055 Ita
1595 1016 1789 1056 laudabilis
1800 1047 1810 1061 ‚
1823 1018 1906 1058 imo

77 1067 230 1108 heroica
241 1066 323 1108 esset
336 1071 456 1107 animi
466 1068 664 1107 fortitudo:
678 1069 829 1122 quando
841 1084 920 1108 non
933 1083 1077 1123 poterat
1086 1073 1160 1108 fine
1170 1071 1283 1109 ardua
1295 1078 1327 1110 ὅ(
1339 1069 1482 1110 difficili
1492 1072 1588 1111 lucta
1597 1084 1759 1111 matrem
1771 1077 1909 1112 viuen-

21 1122 35 1130 ’Κ
77 1126 178 1165 tium
189 1123 341 1169 censere,
354 1138 437 1177 quae
448 1124 649 1178 antequam
662 1124 757 1162 vllus
767 1124 889 1162 homo
901 1139 1007 1164 natus
1018 1126 1127 1175 foret,
1139 1140 1272 1165 omnes
1282 1139 1418 1165 aeterno
1432 1129 1584 1166 interitu
1595 1127 1816 1179 perdiderat.
1836 1120 1907 1169 Sed

76 1181 168 1234 quia
178 1190 311 1218 vereor
322 1193 368 1218 ne
377 1179 456 1218 haec
468 1182 507 1218 fit
520 1179 650 1219 debilis
662 1182 874 1219 coniectura
886 1197 896 1219 ι
909 1183 1115 1235 expendant
1124 1181 1277 1220 lectores
1286 1211 1296 1227 ‚
1308 1196 1436 1220 annon
1458 1188 1583 1236 potius
1602 1197 1724 1222 taxare
1742 1184 1905 1224 voluerit

77 1233 208 1282 Moses
222 1234 311 1274 Adae
322 1237 605 1290 incogitantiam
617 1265 631 1285 ,
642 1249 706 1288 qui
717 1235 903 1275 demersus
913 1242 950 1275 in
963 1250 1087 1276 morte
1097 1265 1107 1282 ,
1119 1241 1226 1275 vxori
1237 1251 1362 1276 tamen
1374 1237 1466 1276 adeo
1479 1237 1678 1292 superbum
1693 1253 1836 1278 nomen
1849 1245 1907 1278 in-

76 1290 226 1331 diderit.
242 1290 324 1329 Nec
335 1304 462 1330 tamen
474 1290 606 1330 dubito
618 1294 711 1342 quin
722 1289 957 1345 respiraucrit
969 1322 982 1342 ,
992 1299 1030 1331 &
1043 1292 1234 1344 collegerit
1241 1297 1413 1331 animum
1427 1324 1439 1342 ‚
1450 1294 1575 1332 audita
1587 1296 1661 1333 Dei
1671 1307 1761 1334 voce
1772 1296 1816 1334 de
1826 1298 1904 1335 vita

75 1345 311 1401 prorogada:
326 1353 366 1385 ὅ(
376 1359 465 1385 tunc
476 1349 571 1399 quasi
583 1358 937 1396 recreatus,vxorem
947 1347 967 1386 ὲ
978 1353 1054 1387 vita
1067 1351 1353 1402 nuncupauerit:
1368 1347 1512 1388 sednon
1525 1349 1703 1403 sequitur,
1716 1355 1837 1390 exacia
1857 1351 1903 1390 ad

75 1400 238 1442 verbum
261 1403 332 1441 Dei
345 1399 671 1456 fide,triumphassc
690 1401 734 1441 de
752 1416 879 1442 morte
888 1433 900 1453 ,
912 1416 952 1442 vt
962 1402 1100 1445 debuit.
1121 1404 1178 1442 Sic
1187 1408 1302 1456 igitur
1321 1409 1546 1458 interpretor
1557 1436 1569 1455 ,
1581 1420 1622 1444 ex
1647 1419 1722 1459 quo
1736 1420 1903 1446 mortem

76 1457 297 1512 praesentcm
312 1457 468 1497 euaserat
478 1488 488 1504 ,
501 1457 634 1497 solatio
646 1457 773 1511 aliquo
793 1458 962 1498 leuatum
972 1488 983 1505 ,
996 1459 1223 1499 beneficium
1235 1461 1308 1500 Dei
1318 1460 1421 1512 quod
1432 1474 1562 1514 praeter
1572 1461 1673 1515 spem
1685 1466 1901 1514 contigerat,

75 1518 205 1553 onris
215 1517 373 1552 nomine
385 1511 594 1556 celebrasse.

139 1581 178 1606 21
225 1577 357 1620 fecitque
369 1578 502 1608 Dominus
517 1584 593 1608 Deus
603 1571 684 1608 Adae.
731 1566 856 1607 Crassa
864 1569 1040 1608 Minerua
1051 1572 1206 1622 exponit
1216 1569 1341 1608 Moses
1351 1600 1359 1615 ,
1374 1572 1594 1611 Dominum
1606 1569 1703 1611 hanc
1716 1572 1804 1612 Adae
1815 1580 1852 1612 8<
1864 1589 1900 1612 e-

74 1623 135 1659 ius
146 1625 257 1660 vxori
266 1623 490 1660 industriam
504 1623 635 1662 dedisse
645 1651 658 1670 ,
669 1635 710 1660 vt
719 1623 782 1661 sibi
796 1623 908 1661 vestes
920 1637 965 1661 ex
976 1622 1134 1676 pellibus
1152 1626 1391 1665 conficerent.
1421 1627 1556 1680 Neque
1569 1630 1670 1666 enim
1683 1631 1727 1666 s1c
1738 1634 1899 1683 accipere

73 1679 255 1715 conuenit
265 1679 343 1714 eius
353 1674 481 1724 verba,
491 1678 587 1727 quasi
598 1677 711 1714 fuerit
723 1677 827 1714 Deus
839 1676 1004 1725 pellifex,
1015 1690 1078 1714 aut
1088 1679 1254 1715 minister
1264 1680 1310 1716 ad
1319 1679 1435 1718 vestes
1445 1682 1686 1724 consuendas.
1713 1686 1793 1723 lam
1806 1688 1899 1724 vero

74 1730 251 1771 credibile
261 1745 344 1770 non
356 1730 405 1771 est
414 1762 427 1781 ,
437 1730 545 1785 pelles
554 1730 625 1770 illis
634 1729 793 1770 fortuito
807 1728 870 1769 esse
880 1729 1005 1769 oblata
1011 1729 1232 1785 szsedquum
1243 1734 1420 1772 animalia
1430 1740 1512 1787 priu
1520 1752 1533 1774 s
1546 1739 1720 1776 destinata
1732 1738 1840 1779 essent
1851 1744 1893 1781 in

73 1785 246 1841 ipsorum
256 1784 487 1836 vsummoua
497 1785 698 1826 necessitate
707 1780 1105 1839 compulsos,ma<5taffe
1115 1786 1239 1840 aliqua
1249 1801 1414 1839 quorum
1428 1788 1464 1827 se
1477 1795 1582 1829 corio
1595 1805 1774 1845 tegerent:
1787 1808 1898 1849 atque

72 1841 202 1890 adhoc
213 1843 396 1898 capit-ndu
407 1842 776 1888 cosilium‚diuinitus
787 1839 891 1880 fuisse
902 1842 1204 1896 indu&os:quare
1215 1843 1347 1882 Deum
1360 1844 1483 1883 Moses
1495 1847 1694 1886 authorem
1707 1853 1893 1891 nominat.

74 1899 158 1939 Cur
166 1911 292 1938 autern
304 1898 465 1953 pelliceis
475 1897 635 1937 vestibus
645 1897 807 1936 induerit
818 1896 913 1951 ipsos
927 1899 1137 1943 Dominus,
1147 1897 1228 1937 haec
1237 1897 1334 1938 mihi
1344 1900 1491 1940 videtur
1502 1901 1560 1940 eff
1553 1918 1569 1941 e
1581 1907 1676 1942 ratio
1688 1922 1694 1942 :
1707 1908 1791 1958 quia
1802 1920 1843 1944 ex
1856 1922 1897 1947 ea

74 1956 233 1994 materia
240 1953 417 1995 confectae
427 1985 441 2005 ,
453 1953 663 1994 belluinum
675 1953 852 2006 quiddam
863 1956 984 2006 magis
993 1953 1160 2008 saperent
1168 1984 1182 2004 ,
1193 1953 1309 2008 qulam
1323 1954 1375 1995 lin
1381 1970 1431 1994 eae
1441 1957 1497 1995 vel
1508 1958 1634 2000 laneae.
1659 1958 1792 1999 Voluit
1805 1976 1893 2015 ergo

73 2011 184 2052 Deus
194 2012 234 2049 in
246 2009 309 2050 tali
320 2009 453 2050 habitu
464 2012 612 2064 primos
621 2009 889 2055 homines‚non
904 2008 1004 2048 secus
1014 2023 1055 2048 ac
1063 2013 1165 2063 prius
1179 2015 1216 2048 in
1225 2012 1402 2058 nuditate,
1415 2013 1624 2068 conspicere
1634 2016 1737 2054 suam
1749 2012 1895 2057 foedita-

71 2069 170 2106 tem‘:
180 2079 291 2121 atque
302 2071 355 2106 ita
365 2069 503 2120 peccati
513 2063 715 2107 reminisci.
736 2067 877 2105 Interea
885 2066 1105 2118 negandum
1118 2079 1195 2104 non
1207 2067 1255 2105 est
1265 2070 1354 2119 quin
1367 2070 1555 2123 exemplar
1568 2070 1677 2110 nobis
1690 2073 1893 2126 proposue-

71 2124 142 2168 rit,
153 2123 195 2161 in
208 2135 286 2174 quo
295 2136 369 2161 nos
379 2119 425 2160 ad
435 2120 621 2176 frugalem
633 2136 674 2160 ac
685 2120 846 2160 minime
857 2120 1122 2174 sumptuosum
1141 2122 1317 2162 vestitum
1331 2122 1575 2170 assuefaceret,
1607 2130 1733 2179 Atque
1745 2134 1891 2168 vtinam

70 2174 147 2216 hoc
154 2176 320 2217 delicatis
330 2192 370 2216 in
383 2190 555 2216 mentem
566 2181 730 2224 veniret,
741 2177 878 2231 quibus
886 2175 988 2216 nulla
997 2178 1146 2217 videtur
1161 2177 1224 2217 effe
1242 2192 1395 2230 ornatus
1406 2195 1443 2218 m
1452 2183 1607 2221 undities
1627 2186 1691 2222 nisi
1704 2198 1786 2236 quae
1798 2185 1891 2224 luxu

74 2231 226 2278 diffluit.
243 2233 338 2273 Non
348 2232 453 2287 quod
462 2229 610 2286 praecise
622 2232 829 2273 damnadus
839 2235 878 2271 sit
890 2232 1049 2286 quilibet
1060 2232 1285 2273 ornatus:s·:d
1297 2239 1381 2290 quia
1391 2229 1454 2276 v'bi
1465 2238 1605 2277 curiose
1616 2242 1805 2292 appetitur
1816 2245 1891 2281 im-

75 2289 227 2328 modica
235 2288 413 2342 elegantia
423 2294 461 2328 8<
474 2287 637 2342 spendor
648 2319 661 2338 ,
671 2301 748 2328 non
760 2288 911 2328 tantum
921 2288 1101 2343 spernitur
1111 2290 1283 2342 magister
1294 2292 1354 2330 iste
1361 2296 1427 2345 qui
1440 2294 1615 2333 vestitum
1626 2294 1688 2334 effe
1698 2295 1822 2336 voluit
1831 2301 1889 2336 in-

73 2344 176 2395 figne
185 2343 490 2394 verecundiae,sed
500 2343 640 2383 bellum
653 2345 940 2397 quodammodo
949 2343 1120 2386 aduersus
1130 2359 1304 2386 naturam
1314 2353 1467 2400 geritur.

129 2412 170 2437 ιι
216 2411 288 2438 Ecce
295 2402 390 2439 Adam
401 2403 567 2454 quastunus.
615 2400 761 2440 Ironica
771 2401 1079 2455 exprobatio,qua
1089 2402 1192 2440 Deus
1203 2416 1267 2441 cor
1276 2402 1446 2444 heminis
1455 2419 1535 2444 non
1548 2407 1696 2446 tantiam
1708 2421 1886 2463 pungere,

72 2451 134 2494 sed
143 2458 294 2508 penitus
303 2455 505 2495 confodere
515 2456 648 2498 voluit.
671 2457 849 2497 Necvero
861 2457 1058 2497 crudeliter
1068 2456 1205 2496 misero
1215 2457 1405 2498 &rtffli‘sto
1418 2461 1566 2501 insultat
1579 2481 1587 2501 2
1598 2462 1659 2503 sed
1671 2478 1742 2518 pro
1753 2466 1882 2504 morbi

71 2505 279 2551 necestitate
289 2511 489 2551 violentius
499 2513 705 2554 remedium
717 2511 882 2554 adhibet.
914 2514 1021 2553 Nam
1032 2515 1089 2553 etsi
1099 2528 1167 2552 con
1173 2513 1270 2553 fusus
1284 2528 1358 2554 erat
1369 2518 1504 2562 Adam,
1517 2524 1554 2556 δε
1565 2525 1745 2559 attonitus
1755 2520 1816 2560 fua
1826 2535 1883 2559 ca-

71 2563 291 2607 lamitatema
297 2567 344 2606 ali
354 2580 478 2606 tamen
490 2567 632 2608 causam
647 2583 726 2607 non
736 2568 816 2608 satis
825 2568 1015 2623 reputabat
1024 2601 1037 2620 ,
1048 2582 1089 2609 Vt
1100 2570 1277 2624 superbiat·
1287 2572 1420 2625 pertaes
1415 2587 1455 2611 us
1466 2602 1476 2618 ,
1490 2587 1617 2612 veram
1630 2574 1881 2615 humilitatem

22 2653 25 2656 .
72 2620 247 2675 ampleffl
259 2621 420 2664 disceret.
448 2623 556 2663 Adde
568 2624 670 2676 quod
679 2639 761 2664 non
772 2629 810 2664 in
826 2625 948 2679 ipsum
959 2628 1076 2679 magis
1085 2625 1198 2679 quam
1210 2629 1250 2665 in
1271 2627 1432 2680 posteros
1442 2628 1507 2667 har
1517 2628 1807 2671 subsannatione
1824 2635 1883 2670 in»

70 2680 196 2717 neotus
207 2677 255 2716 est
274 2679 381 2718 Deus
391 2709 403 2728 ,
415 2692 454 2718 vt
466 2678 686 2720 modestiam
708 2682 993 2721 commendaret
1003 2682 1183 2722 omnibus
1193 2682 1341 2725 saeculis.
1362 2684 1545 2724 Particula
1563 2688 1670 2732 Ecce,
1683 2687 1832 2726 denotat
1843 2701 1885 2727 ex

71 2745 110 2772 re
119 2732 287 2787 praesenti
296 2733 380 2773 ferri
390 2734 623 2776 sententiam.
636 2738 679 2775 Et
689 2735 770 2776 sane
782 2737 878 2776 triste
916 2738 1192 2791 orrendt'imque
1204 2735 1239 2792 sp
1246 2739 1534 2780 esiaculiimerat
1546 2772 1558 2791 ,
1569 2756 1656 2781 eum
1668 2746 1709 2782 in
1723 2757 1798 2797 quo
1811 2758 1883 2781 nu-

69 2800 136 2843 per
145 2788 309 2843 fulgebat
321 2790 459 2835 diuinae
468 2795 647 2847 imaginis
658 2792 766 2832 decus
776 2822 785 2838 ‚
799 2793 864 2832 sub
893 2793 1014 2833 oetidis
1023 2794 1180 2848 pellibus
1191 2795 1350 2840 laterem
1359 2797 1544 2850 probrum
1558 2797 1665 2837 suum
1678 2799 1880 2852 obtegeret:

70 2857 112 2883 ac
121 2844 206 2898 plus
223 2843 292 2885 effe
302 2847 425 2885 decori
437 2849 475 2886 in
489 2849 624 2902 pecude
637 2861 788 2889 mortua
807 2849 921 2901 quam
932 2853 971 2889 in
985 2849 1144 2890 homine
1163 2853 1268 2892 vino,
1310 2851 1491 2892 Particula
1513 2868 1594 2908 quae
1611 2868 1703 2892 mox
1715 2854 1879 2905 additur,

67 2910 159 2941 Sciens
168 2905 272 2941 bonum
281 2913 321 2942 (5
330 2905 434 2943 nulnum
442 2934 455 2953 ‚
509 2903 654 2944 causam
664 2918 774 2945 tantae
785 2904 982 2952 miseriae&
994 2910 1177 2959 originem
1189 2908 1482 2962 exprimit‚quod
1495 2912 1514 2948 s
1508 2910 1625 2949 cilicet
1646 2909 1767 2948 Adam
1782 2910 1879 2950 sorte

69 2954 131 2996 sua
140 2970 219 2996 non
230 2970 439 3004 contentus,
450 2958 557 3000 altius
568 2963 761 3000 tentauerit
771 2958 960 3001 ascendere
972 2963 1088 3015 quam
1098 2962 1317 3003 licebatzacfi
1328 2965 1468 3004 dietum
1480 2965 1568 3010 esset,
1583 2967 1678 3004 Vide
1691 2979 1791 3005 nuuc
1801 2967 1880 3020 quo

70 3023 107 3051 te
115 3015 397 3067 praecipitauerit
408 3015 636 3061 tua‘ambitio
648 3047 658 3062 ,
671 3024 702 3057 ὅ(
710 3016 878 3071 peruersa
889 3018 1022 3058 illicitae
1035 3017 1196 3058 scientiar
1204 3023 1425 3073 appetentia.
1454 3024 1686 3075 Qanquam
1701 3036 1746 3061 nc
1757 3023 1876 3061 collo-

67 3070 160 3120 quio
174 3068 326 3124 quidem
339 3071 536 3111 Dominus
546 3087 632 3112 euin
645 3072 888 3126 dignatur,sed
899 3078 1147 3128 contemptim
1159 3075 1502 3128 producit‚maioris
1513 3076 1677 3117 infamiae
1688 3078 1802 3119 causa.
1816 3081 1876 3117 Sic

70 3121 294 3175 chalybeam
312 3129 419 3180 ipfius
430 3127 640 3182 superbiam
650 3132 828 3170 contundi
852 3135 1019 3182 oportuit
1028 3161 1037 3177 ‚
1049 3144 1089 3169 vt
1100 3132 1253 3171 tandem
1263 3136 1301 3171 in
1313 3131 1346 3171 se
1359 3131 1575 3172 descendens
1585 3162 1594 3178 ,
1605 3139 1726 3186 magis
1737 3149 1780 3173 ac
1794 3149 1873 3173 ma—

66 3184 123 3230 gis
135 3176 198 3219 sibi
209 3181 419 3235 displiceret.
509 3197 584 3224 vna,-
594 3203 630 3223 ex
638 3188 717 3226 nobis
769 3186 937 3242 Qidam
957 3186 1142 3240 pluralem
1164 3203 1214 3227 nu
1220 3201 1366 3227 merum
1378 3189 1421 3227 ad
1441 3189 1605 3244 Angelos
1613 3189 1774 3229 referunt
1787 3209 1793 3229 :
1805 3192 1870 3228 acfi

65 3233 268 3276 hominem
277 3238 562 3285 Deus‚terrestre
571 3247 602 3280 δε
611 3242 823 3296 despectum
837 3243 1013 3288 animal&
1026 3242 1221 3283 caelcstibus
1230 3248 1404 3283 creaturis
1415 3243 1711 3285 discerneret2sed
1721 3246 1869 3286 videtur

65 3289 182 3347 longe
188 3297 302 3350 petita
309 3298 504 3349 expositio.
525 3297 743 3351 Simplicior
754 3303 820 3340 erit
830 3297 988 3346 sensus,s1
997 3304 1048 3341 ita
1058 3297 1218 3340 resoluas
1226 3329 1237 3347 ,
1253 3299 1407 3341 Posthac
1418 3302 1541 3341 Adam
1552 3301 1650 3342 mihi
1661 3306 1730 3342 erit
1740 3301 1867 3341 similis
