2238 3587
242 2163 250 2189 r.

257 2174 282 2199 <i

285 2183 293 2192 .

342 70 376 91 ,ο
897 58 1149 99 EXODI
1215 55 1520 102 CARVI,

339 91 376 118 >⁰

419 168 464 210 17
537 154 630 211 Qi
639 154 785 199 aravos
797 149 867 190 ocio
877 149 959 189 remi
961 141 1002 208 ffi
1016 138 1178 202 estis‚oc1'0
1190 138 1331 208 remissi:
1341 139 1417 186 ideo
1428 138 1912 209 dicitis,eamu5fhcrificemus
1923 139 2075 190 lehouae.

430 224 469 265 18
546 228 654 266 Nunc
664 223 766 284 igitur
777 220 1045 280 ite,operamini:
1055 209 1100 258 ὁ
1110 208 1221 278 palea
1234 227 1300 258 non
1313 209 1646 267 dabiiturvobiss&
1654 211 1798 278 summai
1810 209 1954 263 laterum
1966 212 2128 261 reddetitt

407 339 432 378 6
490 351 520 376 rt
529 353 675 390 pracepit.
731 339 783 376 Ex
794 335 874 375 serie
891 336 1043 375 historice
1053 339 1174 374 certius
1186 332 1351 387 colligere
1367 332 1486 373 licebit
1500 334 1568 373 hos
1577 334 1758 386 praefectos
1775 343 1807 374 ὅ(
1816 339 1992 376 exa-&tores
2001 351 2042 376 ex
2052 330 2156 376 fiiiis''
2178 329 2184 332 ⁵
2211 345 2214 348 ’

352 394 454 436 lsrael
465 391 558 432 fuisse
568 393 736 447 sumptos.
748 395 970 446 Qanquam
983 390 1076 430 fuisse
1088 387 1263 444 quosdam
1275 392 1480 443 AEgyptios
1491 404 1591 429 antea
1600 390 1820 443 legimuszsed
1830 405 1869 430 vt
1879 395 2049 444 ingenioli
2057 391 2135 432 sunt

353 454 496 502 tyranni
507 455 543 488 in
554 449 617 488 suis
630 450 851 492 commodis,
859 462 925 499 pro
936 445 992 486 sua
1001 446 1146 486 vafricie
1168 459 1289 484 cauere
1300 445 1416 484 voluit
1425 445 1566 484 Pharao
1579 461 1694 498 nequa
1704 447 1781 486 esset
1798 451 2021 492 immunitas,
2030 447 2088 488 sed
2094 463 2138 486 o-

352 520 454 545 mnes
469 507 514 545 ad
524 520 640 545 vnum
652 503 787 543 vicibus
798 502 862 541 suis
872 505 917 541 ad
929 517 1019 541 onus
1032 502 1261 542 traherentur.
1270 502 1374 539 Nam
1387 504 1591 554 AEgyptios
1602 505 1637 540 in
1650 501 1866 541 turbalatere
1882 503 2031 555 quidam
2038 508 2137 555 pote-

351 574 441 601 rant:
456 560 518 600 vbi
533 561 619 600 vero
629 559 788 599 Israelitis
798 560 923 597 datum
934 557 1000 597 fuit
1011 561 1211 612 negotium,
1222 552 1408 595 familiaris
1425 561 1554 596 notitia
1563 572 1623 595 eos
1643 559 1787 603 detexit,
1796 563 1896 597 necui
1906 556 1982 597 esset
2000 563 2138 598 immu-

350 622 452 656 nitas.
475 618 590 655 Porro
609 614 798 653 verisimile
808 614 854 652 est
874 615 965 666 apud
974 613 1041 652 hos
1051 611 1232 666 praefe&os
1250 613 1447 663 depositam
1458 611 1554 651 fuisse
1563 613 1705 664 paleam
1716 628 1826 666 quam
1839 628 1900 665 per
1912 615 2067 653 decurias
2079 610 2138 666 vgl

352 672 491 725 singulis
512 669 752 710 distribuerent
765 687 773 707 ε
786 684 875 708 onus
886 683 969 722 ergo
983 670 1136 722 duplicat
1160 667 1234 706 hoc
1249 669 1386 714 modo,
1396 672 1476 720 quia
1485 667 1580 707 iubet
1595 668 1736 720 paleam
1756 668 1923 721 colligere
1931 684 1999 721 qua
2015 669 2138 708 lateres

352 741 558 779 coquantur.
577 726 911 779 Qmadmodum
931 739 1049 764 autem
1059 725 1116 764 ille
1129 725 1212 762 dicit
1228 722 1486 776 monosyllaba
1504 723 1565 762 esse
1583 738 1708 777 regum
1719 726 1832 764 edifita
1843 727 2004 776 ,praecifis
2013 724 2134 765 verbis

351 783 500 821 ostendit
518 779 637 821 Moses
651 781 849 832 tyrannidis
859 781 1084 820 violentiam.
1096 778 1279 819 Caeterum
1290 779 1350 818 hic
1360 779 1458 818 locus
1468 781 1583 824 docet,
1593 794 1706 832 quum
1719 794 1785 818 nos
1795 779 1957 832 respicere
1974 784 2138 833 inceperit

351 838 447 876 Deus
461 852 498 876 vt
508 836 612 875 malis
624 837 752 874 nostris
763 850 873 887 opem
881 832 1053 882 ferat‚hac
1065 838 1248 875 occasione
1258 836 1398 874 interdu
1406 835 1585 874 molestias
1596 834 1743 874 crescere
1754 865 1764 881 ,
1774 850 1848 888 quae
1858 850 1924 874 nos
1935 837 2052 874 durius
2062 850 2139 887 pre-

354 906 476 932 mant.
494 895 545 931 Ita
564 906 678 943 quum
700 891 860 930 Israelitis
879 890 1046 944 professus
1064 891 1140 931 esset
1152 890 1181 930 se
1200 889 1278 929 fore
1294 891 1561 943 redemptorem
1574 920 1584 935 ‚
1593 895 1737 944 grauior
1756 891 1822 929 illis
1842 891 1959 930 moles
1980 890 2139 930 incubuit

352 950 439 987 dum
463 949 506 986 ad
523 946 639 986 solitas
661 949 857 986 exaffiones
878 949 1011 987 addidit
1028 961 1199 1000 tyrannus
1211 959 1250 985 vt
1270 945 1475 998 colligerent
1491 945 1551 985 sibi
1568 946 1720 998 paleam.
1737 947 1792 985 Sic
1809 951 1906 985 enim
1925 948 2008 985 Deo
2029 948 2141 985 fidem

352 1003 499 1043 suonim
518 1001 670 1055 probare
688 1000 789 1041 libet:
811 1010 843 1042 &
854 1006 898 1041 fic
907 1017 1036 1042 eorum
1053 1008 1196 1042 animos
1214 1015 1312 1041 terrae
1333 1006 1441 1041 nimis
1460 998 1583 1041 affixos
1602 1006 1638 1040 in
1660 1001 1810 1041 sublime
1828 1002 1942 1040 attolli
1963 1006 2144 1047 conuenit,

354 1061 443 1098 dum
455 1062 572 1112 gratize
584 1056 645 1096 sibi
657 1057 833 1110 promissae
843 1057 1000 1097 fructum
1009 1073 1085 1097 non
1098 1051 1279 1110 extemplo
1295 1061 1507 1109 percipituit,
1526 1057 1606 1096 imo
1617 1059 1704 1096 dum
1728 1057 1818 1096 nihil
1839 1056 1987 1096 sentiunt
1998 1057 2092 1096 aliud
2100 1072 2143 1096 ex

352 1115 422 1153 Dei
434 1113 556 1153 fauore
566 1112 629 1152 sibi
648 1112 762 1152 afferri
783 1114 893 1166 quam
903 1128 942 1153 vt
952 1116 1150 1153 deteriorsit
1170 1113 1329 1165 ipsorum
1350 1114 1520 1152 conditio.
1548 1115 1630 1152 Hoc
1639 1114 1804 1152 meditari
1821 1113 1925 1152 valde
1943 1111 2048 1152 nobis
2057 1113 2143 1152 vtile

353 1169 484 1221 est‚quo
501 1173 627 1222 aequius
645 1176 678 1208 δέ
692 1169 859 1221 placidius
879 1168 1035 1208 feramus
1052 1184 1152 1207 cruce
1159 1183 1227 1207 nos
1239 1176 1271 1208 δε
1281 1166 1383 1207 rebus
1398 1170 1544 1207 aduersis
1558 1170 1603 1207 ad
1617 1183 1788 1210 amorem
1801 1176 1833 1207 Sc
1849 1169 2001 1207 studium
2021 1167 2141 1207 bono-

351 1239 436 1264 rum
449 1225 636 1263 caelestium
649 1225 838 1263 stimulari.
855 1227 972 1264 Hodie
983 1225 1103 1263 multis
1114 1224 1350 1277 Euangelium
1360 1226 1486 1263 odium
1497 1221 1636 1263 conflat
1646 1253 1656 1269 ,
1669 1224 1756 1262 alios
1766 1228 1879 1276 priuat
1890 1222 1954 1262 suis
1964 1223 2146 1269 deliciis,a-

351 1280 404 1318 liis
417 1278 568 1332 abrogat
584 1280 766 1319 honorem
782 1310 791 1325 ‚
805 1281 878 1319 aliis
889 1284 1063 1319 iacturam
1075 1278 1172 1319 affert
1182 1278 1383 1325 bonorum,
1393 1279 1480 1318 alios
1491 1293 1628 1318 carcere
1638 1308 1647 1324 ,
1659 1279 1747 1318 alios
1765 1279 1870 1318 exilio
1880 1278 2028 1324 multat,
2044 1277 2148 1332 quos-

353 1337 440 1374 dam
452 1342 542 1387 rapit
553 1340 590 1374 in
601 1340 681 1374 vitae
692 1333 899 1375 discrimen:
913 1337 1039 1375 deinde
1052 1351 1123 1388 quo
1142 1339 1259 1388 magis
1277 1335 1378 1374 suam
1394 1339 1595 1387 potentiam
1612 1341 1717 1374 exerit
1736 1335 1834 1374 Deus
1846 1349 1906 1380 ,ex
1926 1334 2034 1373 altera
2049 1347 2147 1387 parte

356 1393 556 1429 accenditur
569 1391 702 1429 Satanae
711 1391 824 1430 rabies
833 1421 843 1437 ‚
853 1399 886 1431 δε
899 1396 1053 1430 atrocius
1073 1392 1215 1430 saeuiunt
1224 1395 1337 1443 impii.
1362 1393 1444 1430 Hoc
1461 1389 1668 1429 scandalum
1679 1404 1746 1429 nos
1766 1395 1919 1443 grauiter
1933 1403 2149 1435 concuteret,

354 1449 415 1485 nisi
424 1446 497 1484 hoc
509 1446 673 1498 exemplo
684 1448 863 1486 admoniti
875 1446 1042 1486 sciremus
1055 1451 1143 1486 tanti
1152 1445 1258 1485 nobis
1269 1444 1394 1485 debere
1405 1445 1466 1485 esse
1476 1444 1763 1485 inaestimabilem
1783 1449 1895 1499 gratia
1904 1460 1979 1498 quae
1988 1449 2025 1484 in
2037 1444 2147 1485 Chri-

355 1502 408 1540 sto
419 1499 615 1547 offertur,vt
623 1517 693 1554 prae
700 1502 771 1554 ipsa
782 1502 898 1555 susque
908 1503 1018 1556 deque
1027 1501 1133 1542 nobis
1142 1506 1206 1541 sint
1215 1503 1353 1547 diuitiae,
1363 1501 1534 1546 honores,
1544 1509 1577 1540 &
1588 1503 1755 1555 quicquid
1763 1506 1853 1541 inter
1863 1501 2035 1541 mortales
2048 1515 2150 1554 expe·

357 1556 611 1610 titui·:qua·libet
622 1562 727 1597 etiam
740 1560 985 1598 incommoda
993 1559 1162 1611 despicere
1171 1557 1366 1596 molestum
1378 1555 1483 1595 nobis
1492 1572 1570 1597 non
1579 1560 1627 1595 sit.

401 1629 425 1666 9
472 1627 660 1666 affirmamur
669 1632 734 1667 ergo
749 1618 886 1664 [ενιιῐειις.
962 1616 1125 1669 (Qanuis
1135 1612 1233 1652 sciret
1248 1612 1390 1651 Pharao
1412 1616 1625 1651 immaniter
1634 1611 1666 1651 se
1680 1615 1829 1651 wadiare
1845 1611 1995 1652 miseros
2017 1611 2150 1651 Israeli-

355 1681 407 1707 tas
417 1697 426 1713 ,
436 1674 494 1720 qui
511 1669 703 1709 debuerant
725 1669 922 1723 benigne&
935 1669 1129 1709 clementer
1139 1683 1314 1721 tanquam
1331 1667 1483 1720 hospites
1494 1671 1623 1720 accipi,
1634 1681 1758 1706 tamen
1770 1672 1846 1706 otio
1859 1683 1920 1706 eos
1940 1667 2038 1706 abuti
2055 1669 2150 1710 dicit,

356 1731 387 1761 ἅ*
402 1727 480 1763 ideo
498 1725 707 1764 tumultuari
726 1730 807 1777 quia
816 1730 862 1763 eis
882 1729 1043 1764 nimium
1065 1724 1255 1775 indulgeat.
1281 1725 1338 1761 Sic
1345 1723 1536 1774 postquam
1553 1727 1715 1771 tyrannis
1733 1724 1859 1760 excidit
1867 1725 2036 1773 aequitatis
2046 1721 2151 1760 studi-

358 1793 422 1815 um
432 1807 441 1822 ‚
451 1779 565 1816 nullus
576 1781 622 1817 cst
632 1780 750 1830 inique
759 1781 885 1829 agendi
896 1780 1030 1815 modus
1038 1806 1048 1821 ,
1059 1785 1090 1815 &
1099 1781 1334 1828 querimoniis
1345 1777 1434 1814 adeo
1443 1789 1520 1813 non
1537 1772 1729 1814 fleetuntur
1738 1777 1782 1814 ad
1791 1776 2077 1815 misericordiam
2087 1804 2099 1820 ‚
2108 1788 2150 1814 vt

357 1832 527 1869 crudelius
541 1831 758 1879 insolescant.
767 1834 810 1868 Et
821 1832 877 1869 his
889 1829 1043 1868 flabellis
1053 1845 1113 1869 eos
1123 1834 1270 1869 incitant
1280 1830 1679 1883 adulatores‚nunquam
1689 1835 1824 1883 quietos
1834 1830 1912 1870 fore
1925 1830 2083 1870 subditos
2090 1836 2146 1870 ni-

355 1889 380 1924 fi
390 1885 450 1924 sub
463 1900 616 1924 onerum
624 1890 793 1937 grauitate
805 1887 978 1923 deficiant:
989 1890 1173 1936 optimum
1184 1885 1257 1924 hoc
1267 1884 1328 1923 effe
1339 1886 1556 1924 dominandi
1566 1888 1887 1937 compeiidiuni‚fic
1897 1901 1956 1924 eos
1969 1891 2151 1938 opprime·

357 1955 393 1980 re
405 1955 443 1980 vt
452 1953 495 1980 ne
506 1939 633 1978 hiscere
650 1942 796 1992 quidem
818 1942 985 1978 audeant:
1004 1943 1027 1978 si
1037 1940 1194 1980 fremant
1205 1940 1262 1979 vel
1275 1939 1556 1980 obmurmurent
1565 1969 1574 1985 ‚
1586 1943 1705 1979 durius
1713 1940 1776 1979 esse
1786 1942 1976 1994 vrgendos‚
1987 1955 2027 1979 vt
2035 1940 2151 1981 obdu-

359 1997 491 2035 rescant
501 1998 544 2035 ad
558 1994 768 2040 seruitutem,
782 1998 873 2047 quasi
885 1999 1070 2034 commisto
1079 1995 1316 2047 collo.rItaque
1324 1996 1414 2033 nihil
1428 1999 1561 2033 iniuriis
1573 2003 1604 2034 8<
1614 1996 1839 2035 contumeliis
1850 1996 1985 2036 faciunt
2002 1999 2149 2042 residui‘i,

360 2054 474 2091 donec
483 2055 615 2103 penitus
626 2051 752 2089 misera
763 2048 861 2102 plebs
872 2049 1097 2088 succubuerit.
1113 2051 1327 2088 Petulantius
1337 2051 1463 2088 deinde
1476 2049 1616 2088 insultat
1625 2079 1635 2094 ‚
1643 2065 1755 2102 quum
1769 2050 1800 2089 se
1806 2051 1883 2104 plus
1902 2067 2055 2091 onerum
2064 2053 2150 2092 dicit

363 2113 569 2160 imponere,
582 2120 625 2145 ne
636 2107 818 2144 confidant
831 2104 946 2144 verbis
955 2103 1200 2144 mendacibus.
1209 2107 1389 2158 Qaenam
1400 2104 1488 2143 vero
1497 2104 1558 2143 illa
1574 2105 1662 2151 sunt,
1674 2110 1736 2145 nisi
1749 2106 1846 2159 quod
1855 2107 2004 2160 aspirant
2015 2110 2060 2148 ad
2072 2108 2146 2147 cul·

359 2177 438 2201 tum
451 2163 532 2201 Dei÷
542 2165 636 2214 Ergo
648 2160 719 2200 vna
731 2176 815 2201 cuin
826 2165 1016 2212 tyrannico
1030 2159 1118 2199 fastu
1127 2163 1310 2212 impietate
1318 2159 1510 2212 despumat.
1530 2161 1656 2214 Neque
1667 2161 1741 2201 hoc
1749 2161 1865 2201 solum
1876 2162 2055 2202 Pharaoni
2064 2179 2148 2215 pro·

357 2222 509 2271 positum
522 2215 586 2256 fuit
596 2247 606 2262 ,
617 2231 755 2268 crepare
764 2216 876 2255 talem
886 2214 1151 2268 blasphemiam
1163 2221 1201 2254 in
1212 2216 1348 2260 Deum,
1357 2215 1413 2255 sed
1423 2216 1557 2254 Satanae
1567 2219 1717 2256 artificio
1727 2218 1905 2270 instigatus
1915 2218 1981 2257 fuit
1993 2220 2037 2257 ad
2048 2217 2149 2258 labe-

357 2273 562 2313 fa&andam
576 2272 728 2311 Ecclefiae
738 2273 858 2311 fidem.
875 2273 1016 2311 Eodem
1028 2270 1182 2324 impulsu
1204 2269 1378 2310 Rabsaces
1388 2269 1539 2309 iaCtabat
1548 2272 1741 2312 Ezechiam
1751 2272 1867 2312 verbis
1879 2273 2042 2313 inanibus
2052 2275 2144 2313 deci-

356 2343 435 2381 pere
445 2328 715 2380 populum‚quia
728 2326 869 2366 iubebat
879 2327 1011 2379 sperare
1021 2332 1057 2366 in
1064 2328 1152 2366 'Deo
1162 2327 1354 2365 viumNec
1363 2328 1482 2365 desinit
1495 2327 1601 2366 Satan
1614 2330 1740 2368 eadem
1757 2328 1930 2369 machina
1944 2329 2061 2369 fideles
2074 2334 2145 2370 im-

356 2385 623 2436 petere,perinde
633 2387 697 2422 acsi
708 2382 847 2422 fallacia
858 2382 934 2422 esset
947 2391 978 2422 δε
991 2386 1128 2422 vanitas
1138 2384 1302 2434 quicquid
1309 2387 1489 2434 promittit
1497 2383 1605 2422 Deus.

413 2454 445 2478 iz
502 2443 643 2494 Differfiaes
662 2444 699 2489 ef}
720 2457 784 2491 ergo
804 2442 939 2492 populus.
995 2441 1079 2477 Haec
1095 2438 1340 2476 circunstantia
1359 2438 1579 2477 demonstrat
1599 2439 1710 2491 quam
1727 2440 1847 2492 inique
1864 2437 1985 2478 afflieti
2002 2439 2144 2486 fuerint,

359 2494 483 2548 quibus
493 2494 595 2533 labor
606 2494 703 2546 supra
714 2500 803 2534 vires
817 2493 883 2533 fuit
892 2497 1074 2546 impositus
1087 2525 1093 2532 .
1113 2495 1162 2532 Vt
1176 2493 1295 2532 lateres
1308 2495 1521 2533 conficerent
1532 2522 1542 2538 ‚
1556 2508 1716 2546 oportuit
1723 2494 1847 2533 saltem
1859 2509 1919 2533 eos
1929 2499 1965 2532 in
1984 2508 2080 2533 certo
2089 2495 2146 2534 lo-

359 2566 402 2589 co
414 2565 570 2588 manere:
584 2566 659 2588 non
669 2550 813 2602 suppetit
823 2550 889 2588 illis
901 2550 1000 2602 palea
1010 2551 1053 2589 ad
1063 2549 1183 2587 lateres
1194 2551 1409 2601 coquendos:
1420 2562 1596 2601 coguntur
1605 2564 1690 2602 ergo
1700 2549 1770 2588 huc
1783 2556 1814 2588 St
1826 2549 1909 2588 illuc
1921 2549 2145 2599 dilabi,&sti-

357 2606 479 2658 pulani
492 2610 526 2643 in
537 2610 684 2643 remotis
696 2608 857 2657 AEgypti
870 2603 1026 2657 partibus
1045 2604 1221 2657 colligere,
1231 2620 1299 2657 qua
1309 2605 1392 2644 loco
1401 2604 1506 2657 palcae
1517 2618 1672 2643 vtantur.
1698 2606 1883 2656 Vtrunque
1899 2606 2057 2657 praestare
2066 2619 2146 2645 non

357 2674 521 2713 poterant
535 2677 542 2699 :
554 2662 696 2713 perinde
714 2664 818 2712 igitur
836 2660 901 2699 fuit
910 2663 975 2699 acsi
986 2658 1075 2699 falso
1087 2673 1251 2711 praetextu
1263 2667 1295 2699 ὅ(
1312 2660 1494 2699 calumnia
1507 2688 1517 2705 ‚
1526 2663 1685 2699 criminis
1698 2664 1923 2699 occasionem
1937 2674 2090 2713 captaret
2098 2663 2144 2701 ad

357 2732 417 2755 eos
431 2718 668 2755 damnandos.
686 2716 847 2768 Qalitcr
856 2716 964 2755 hodie
973 2717 1137 2755 videmus
1156 2715 1290 2755 Christi
1307 2715 1422 2755 hostes
1442 2713 1587 2754 subinde
1605 2720 1803 2768 excogitare
1819 2715 2036 2770 grauissimas
2046 2715 2144 2769 quas-

357 2788 423 2824 que
433 2787 556 2824 poenas
567 2801 576 2816 ,
586 2770 710 2823 quibus
726 2785 871 2823 cogatur
885 2770 1011 2810 misera
1021 2770 1168 2809 Ecclesia
1181 2773 1224 2811 ad
1232 2776 1366 2824 pietatis
1387 2769 1676 2824 abnegationem.
1685 2771 1883 2811 Pharaonis
1893 2776 1992 2811 enim
2004 2772 2142 2812 consili-

361 2843 423 2866 um
435 2827 498 2866 fuit
510 2826 638 2866 Mosen
650 2834 681 2866 &
694 2826 845 2865 Aharon
855 2826 979 2878 procul
991 2825 1187 2878 abigei-eme
1200 2828 1241 2866 de
1251 2841 1342 2867 exitu
1351 2826 1472 2880 populi
1482 2824 1636 2866 verbum
1649 2827 1800 2879 amplius
1810 2826 2063 2879 facerentzquo
2075 2842 2143 2867 vo-

359 2895 398 2921 to
408 2883 682 2935 potitus,aliquid
690 2881 787 2921 haud
799 2879 905 2921 dubie
914 2897 955 2921 ex
964 2895 1040 2921 tam
1052 2886 1207 2921 immani
1219 2881 1344 2922 saeuitia
1357 2880 1637 2936 remififfet.Qia
1655 2882 1742 2922 vero
1753 2897 1828 2922 non
1840 2881 2012 2933 'cessabant
2021 2881 2141 2927 illi,ex··

362 2952 523 2990 mrquere
534 2953 594 2990 per
603 2940 710 2977 duros
721 2942 889 2976 cruciatus
899 2937 919 2975 a
929 2937 1064 2989 populo
1077 2938 1191 2976 voluit
1203 2953 1242 2977 vt
1252 2939 1332 2978 illos
1345 2937 1508 2992 abigeret,
1516 2937 1572 2977 vel
1582 2952 1625 2976 ne
1635 2952 1758 2977 aurem
1770 2938 1939 2991 praeberet
1951 2938 2024 2977 Dei
2034 2951 2147 2983 man-v

363 2996 449 3032 datis
462 3025 468 3031 .
489 2997 555 3033 Etsi
566 3009 683 3033 autem
695 2993 770 3032 satis
780 2992 842 3033 sibi
852 2992 1009 3032 conscius
1024 2994 1068 3032 est
1081 2993 1219 3032 nullam
1230 2994 1289 3033 esse
1300 2998 1446 3048 ignauiae
1456 2992 1598 3045 culpam
1609 2997 1644 3032 in
1653 2994 1788 3046 populo
1796 3024 1807 3040 ‚
1817 2992 1873 3033 sed
1884 2994 1964 3041 ideo
1976 3007 2053 3034 non
2062 2994 2139 3032 red-

364 3050 397 3085 di
411 3051 653 3088 adnumerum
666 3050 786 3088 lateres
799 3049 894 3102 quod
904 3048 1020 3087 miseri
1030 3077 1039 3093 ,
1048 3053 1105 3101 qui
1115 3053 1206 3100 prius
1220 3051 1368 3090 dimidia
1380 3048 1514 3088 laboris
1525 3062 1623 3101 parte
1634 3050 1815 3102 :egerrime
1826 3047 1980 3088 defuncti
1990 3048 2137 3092 fuerant,

367 3117 459 3140 nunc
469 3107 489 3141 si
507 3107 687 3144 intendant
697 3119 824 3144 neruos
835 3110 973 3150 omnes,
985 3119 1060 3144 non
1070 3118 1192 3143 tamen
1205 3120 1304 3144 erunt
1321 3110 1419 3145 oneri
1432 3105 1619 3143 tolerando
1628 3134 1638 3150 ,
1649 3119 1749 3156 atque
1759 3109 1805 3144 ita
1815 3105 1912 3144 videt
1930 3120 1990 3143 eos
1998 3101 2138 3158 prorsus

369 3155 463 3195 suctu
471 3157 602 3212 nibere,
619 3175 740 3199 tamen
749 3159 939 3214 exprobrat
946 3159 1042 3213 quod
1052 3165 1129 3199 otio
1142 3159 1364 3200 luxurientur.
1381 3161 1524 3213 Nempe
1533 3174 1571 3199 vt
1579 3162 1762 3212 repudiato
1770 3158 1886 3205 Mose,
1896 3159 1961 3213 spei
1971 3162 2137 3199 diuinitus

365 3212 425 3250 sibi
437 3210 564 3251 oblata
575 3216 772 3256 valedicant
787 3232 828 3256 ac
840 3220 1046 3258 renuntient.
1063 3218 1105 3254 Et
1116 3230 1196 3267 quia
1206 3215 1360 3256 acerbius
1372 3231 1431 3255 eos
1448 3229 1609 3269 torquere
1618 3231 1692 3257 non
1703 3217 1814 3269 potest
1825 3219 1885 3255 nisi
1895 3217 2043 3260 occidat,
2051 3227 2136 3266 prat⁴

368 3267 476 3305 fet-ios
488 3270 569 3306 cadi
582 3267 693 3314 iubet,
703 3285 741 3310 vt
750 3287 877 3310 eorum
892 3269 1095 3311 verberibus
1106 3285 1225 3309 totum
1240 3272 1362 3324 vulgus
1372 3276 1487 3324 magis
1505 3271 1712 3324 expauescat.
1722 3272 1884 3324 Denique
1893 3286 1982 3324 quos
1995 3267 2137 3309 videbat

368 3336 389 3380 ι]
397 3327 476 3360 iinis
487 3325 613 3362 firmos
625 3324 710 3362 stare
722 3354 730 3368 ,
741 3327 872 3365 vltima
883 3327 1117 3380 desperatione
1127 3325 1286 3378 frangere
1295 3327 1420 3365 voluit.
1435 3329 1615 3381 Qicquid
1624 3327 1887 3366 excusationum
1900 3324 2043 3365 afferant
2050 3338 2136 3375 prae-

366 3380 445 3415 lecti
457 3382 528 3429 ipsi,
541 3377 643 3418 surdo
653 3393 781 3419 canunt
794 3380 965 3421 fabulam.
974 3383 1074 3422 Nam
1088 3387 1170 3435 quia
1186 3380 1291 3421 semel
1303 3383 1454 3423 decreuit
1461 3383 1636 3436 populum
1645 3381 1803 3428 obruere,
1813 3384 1928 3422 donec
1938 3378 2134 3420 aboleuerit

2219 393 2233 420 d
