<?xml version="1.0" encoding="UTF-8"?>
<!DOCTYPE html PUBLIC "-//W3C//DTD XHTML 1.0 Transitional//EN"
    "http://www.w3.org/TR/xhtml1/DTD/xhtml1-transitional.dtd">
<html xmlns="http://www.w3.org/1999/xhtml" xml:lang="en" lang="en">
 <head>
  <title>
</title>
<meta http-equiv="Content-Type" content="text/html;charset=utf-8" />
  <meta name='ocr-system' content='tesseract 3.04.00' />
  <meta name='ocr-capabilities' content='ocr_page ocr_carea ocr_par ocr_line ocrx_word'/>
</head>
<body>
  <div class='ocr_page' id='page_1' title='image "./mosislibrivcumio00calv_0915.png"; bbox 0 0 2238 3587; ppageno 0'>
   <div class='ocr_carea' id='block_1_1' title="bbox 644 77 1910 144">
    <p class='ocr_par' dir='ltr' id='par_1_1' title="bbox 644 77 1910 144">
     <span class='ocr_line' id='line_1_1' title="bbox 644 77 1910 144; baseline 0.011 -27"><span class='ocrx_word' id='word_1_1' title='bbox 644 77 1540 124; x_wconf 77' lang='lat' dir='ltr'>cvM10H.cALv1N1&lt;:oM.</span> <span class='ocrx_word' id='word_1_2' title='bbox 1804 92 1910 144; x_wconf 62' lang='lat'>2561</span> 
     </span>
    </p>
   </div>
   <div class='ocr_carea' id='block_1_2' title="bbox 54 142 1915 2185">
    <p class='ocr_par' dir='ltr' id='par_1_2' title="bbox 97 142 1915 252">
     <span class='ocr_line' id='line_1_2' title="bbox 100 142 1915 206; baseline 0.009 -22"><span class='ocrx_word' id='word_1_3' title='bbox 100 142 286 198; x_wconf 85' lang='lat' dir='ltr'>surnp&#39;fiffe</span> <span class='ocrx_word' id='word_1_4' title='bbox 298 145 543 199; x_wconf 83' lang='lat' dir='ltr'>parabolam:</span> <span class='ocrx_word' id='word_1_5' title='bbox 559 148 807 199; x_wconf 85' lang='lat' dir='ltr'>quiainsolita</span> <span class='ocrx_word' id='word_1_6' title='bbox 823 162 1018 202; x_wconf 85' lang='lat' dir='ltr'>gratuitate</span> <span class='ocrx_word' id='word_1_7' title='bbox 1037 156 1075 190; x_wconf 75' lang='grc'>8(</span> <span class='ocrx_word' id='word_1_8' title='bbox 1094 153 1298 203; x_wconf 85' lang='lat' dir='ltr'>magnifico</span> <span class='ocrx_word' id='word_1_9' title='bbox 1317 152 1509 206; x_wconf 75' lang='lat' dir='ltr'>splendore</span> <span class='ocrx_word' id='word_1_10' title='bbox 1522 152 1688 194; x_wconf 86' lang='lat' dir='ltr'>notabile</span> <span class='ocrx_word' id='word_1_11' title='bbox 1707 155 1775 195; x_wconf 89' lang='lat' dir='ltr'>fuit</span> <span class='ocrx_word' id='word_1_12' title='bbox 1796 159 1915 200; x_wconf 83' lang='lat' dir='ltr'>dicen-</span> 
     </span>
     <span class='ocr_line' id='line_1_3' title="bbox 97 201 1547 252; baseline 0.003 -14"><span class='ocrx_word' id='word_1_13' title='bbox 97 201 134 240; x_wconf 91' lang='lat' dir='ltr'>di</span> <span class='ocrx_word' id='word_1_14' title='bbox 143 212 261 252; x_wconf 89' lang='lat' dir='ltr'>genus</span> <span class='ocrx_word' id='word_1_15' title='bbox 273 233 281 242; x_wconf 84' lang='grc'><strong>.</strong></span> <span class='ocrx_word' id='word_1_16' title='bbox 304 236 307 238; x_wconf 12' lang='grc' dir='ltr'>μ</span> <span class='ocrx_word' id='word_1_17' title='bbox 1472 218 1474 220; x_wconf 71' lang='grc'>’</span> <span class='ocrx_word' id='word_1_18' title='bbox 1537 216 1547 232; x_wconf 68' lang='grc'>)</span> 
     </span>
    </p>

    <p class='ocr_par' dir='ltr' id='par_1_3' title="bbox 54 258 1914 2185">
     <span class='ocr_line' id='line_1_4' title="bbox 152 258 1914 320; baseline 0.008 -27"><span class='ocrx_word' id='word_1_19' title='bbox 152 270 164 305; x_wconf 87' lang='lat'>3</span> <span class='ocrx_word' id='word_1_20' title='bbox 213 260 347 295; x_wconf 72' lang='lat' dir='ltr'>nicie&#39;uir</span> <span class='ocrx_word' id='word_1_21' title='bbox 363 259 509 296; x_wconf 73' lang='lat' dir='ltr'>recunditus</span> <span class='ocrx_word' id='word_1_22' title='bbox 527 260 611 297; x_wconf 71' lang='lat' dir='ltr'>analo.</span> <span class='ocrx_word' id='word_1_23' title='bbox 653 260 749 298; x_wconf 90' lang='lat' dir='ltr'>Non</span> <span class='ocrx_word' id='word_1_24' title='bbox 762 258 834 297; x_wconf 76' lang='lat' dir='ltr'>alio</span> <span class='ocrx_word' id='word_1_25' title='bbox 845 259 962 298; x_wconf 89' lang='lat' dir='ltr'>tendit</span> <span class='ocrx_word' id='word_1_26' title='bbox 973 273 1052 298; x_wconf 89' lang='lat' dir='ltr'>tota</span> <span class='ocrx_word' id='word_1_27' title='bbox 1071 262 1237 314; x_wconf 77' lang='lat' dir='ltr'>praefatio</span> <span class='ocrx_word' id='word_1_28' title='bbox 1257 262 1324 302; x_wconf 86' lang='lat' dir='ltr'>nifi</span> <span class='ocrx_word' id='word_1_29' title='bbox 1343 277 1383 302; x_wconf 81' lang='lat' dir='ltr'>vr</span> <span class='ocrx_word' id='word_1_30' title='bbox 1394 265 1427 302; x_wconf 89' lang='lat' dir='ltr'>se</span> <span class='ocrx_word' id='word_1_31' title='bbox 1438 277 1569 304; x_wconf 80' lang='lat' dir='ltr'>Verum</span> <span class='ocrx_word' id='word_1_32' title='bbox 1592 268 1663 306; x_wconf 90' lang='lat' dir='ltr'>Dei</span> <span class='ocrx_word' id='word_1_33' title='bbox 1685 265 1914 320; x_wconf 87' lang='lat' dir='ltr'>Prophetam</span> 
     </span>
     <span class='ocr_line' id='line_1_5' title="bbox 97 308 1914 374; baseline 0.007 -26"><span class='ocrx_word' id='word_1_34' title='bbox 97 308 165 349; x_wconf 83' lang='lat' dir='ltr'>effe</span> <span class='ocrx_word' id='word_1_35' title='bbox 178 312 383 364; x_wconf 81' lang='lat' dir='ltr'>probet,ac</span> <span class='ocrx_word' id='word_1_36' title='bbox 404 311 700 353; x_wconf 64' lang='lat' dir='ltr'>benedietionem</span> <span class='ocrx_word' id='word_1_37' title='bbox 725 328 838 368; x_wconf 89' lang='lat' dir='ltr'>quam</span> <span class='ocrx_word' id='word_1_38' title='bbox 859 315 1021 368; x_wconf 90' lang='lat' dir='ltr'>proferet</span> <span class='ocrx_word' id='word_1_39' title='bbox 1032 319 1065 354; x_wconf 88' lang='lat' dir='ltr'>se</span> <span class='ocrx_word' id='word_1_40' title='bbox 1076 316 1208 354; x_wconf 87' lang='lat' dir='ltr'>habere</span> <span class='ocrx_word' id='word_1_41' title='bbox 1229 331 1272 356; x_wconf 87' lang='lat' dir='ltr'>ex</span> <span class='ocrx_word' id='word_1_42' title='bbox 1286 319 1412 358; x_wconf 82' lang='lat' dir='ltr'>caelesti</span> <span class='ocrx_word' id='word_1_43' title='bbox 1425 315 1590 361; x_wconf 64' lang='lat' dir='ltr'>eraculo.</span> <span class='ocrx_word' id='word_1_44' title='bbox 1614 323 1658 360; x_wconf 87' lang='lat' dir='ltr'>Et</span> <span class='ocrx_word' id='word_1_45' title='bbox 1669 335 1752 360; x_wconf 86' lang='lat' dir='ltr'>vcra</span> <span class='ocrx_word' id='word_1_46' title='bbox 1763 323 1914 374; x_wconf 87' lang='lat' dir='ltr'>quidem</span> 
     </span>
     <span class='ocr_line' id='line_1_6' title="bbox 97 366 1912 424; baseline 0.007 -20"><span class='ocrx_word' id='word_1_47' title='bbox 97 366 284 417; x_wconf 75' lang='lat' dir='ltr'>gloriatio.</span> <span class='ocrx_word' id='word_1_48' title='bbox 295 367 366 406; x_wconf 83' lang='lat' dir='ltr'>fuit</span> <span class='ocrx_word' id='word_1_49' title='bbox 377 367 500 421; x_wconf 87' lang='lat' dir='ltr'>quoad</span> <span class='ocrx_word' id='word_1_50' title='bbox 519 367 620 407; x_wconf 88' lang='lat' dir='ltr'>hunc</span> <span class='ocrx_word' id='word_1_51' title='bbox 632 368 821 422; x_wconf 85' lang='lat' dir='ltr'>specialem</span> <span class='ocrx_word' id='word_1_52' title='bbox 842 371 978 408; x_wconf 63' lang='lat' dir='ltr'>aestum:</span> <span class='ocrx_word' id='word_1_53' title='bbox 993 372 1067 408; x_wconf 86' lang='lat' dir='ltr'>fieri</span> <span class='ocrx_word' id='word_1_54' title='bbox 1078 384 1203 409; x_wconf 88' lang='lat' dir='ltr'>tamen</span> <span class='ocrx_word' id='word_1_55' title='bbox 1225 374 1342 424; x_wconf 89' lang='lat' dir='ltr'>potest</span> <span class='ocrx_word' id='word_1_56' title='bbox 1351 388 1390 413; x_wconf 90' lang='lat' dir='ltr'>vt</span> <span class='ocrx_word' id='word_1_57' title='bbox 1402 388 1486 412; x_wconf 89' lang='lat' dir='ltr'>eum</span> <span class='ocrx_word' id='word_1_58' title='bbox 1499 376 1542 414; x_wconf 85' lang='lat' dir='ltr'>ad</span> <span class='ocrx_word' id='word_1_59' title='bbox 1565 375 1596 414; x_wconf 90' lang='lat' dir='ltr'>se</span> <span class='ocrx_word' id='word_1_60' title='bbox 1617 380 1824 415; x_wconf 61' lang='lat' dir='ltr'>metandum</span> <span class='ocrx_word' id='word_1_61' title='bbox 1838 383 1912 416; x_wconf 87' lang='lat' dir='ltr'>im-</span> 
     </span>
     <span class='ocr_line' id='line_1_7' title="bbox 99 420 1912 485; baseline 0.007 -26"><span class='ocrx_word' id='word_1_62' title='bbox 99 421 235 474; x_wconf 86' lang='lat' dir='ltr'>pulerit</span> <span class='ocrx_word' id='word_1_63' title='bbox 245 420 356 462; x_wconf 86' lang='lat' dir='ltr'>fastus</span> <span class='ocrx_word' id='word_1_64' title='bbox 375 429 413 462; x_wconf 69' lang='grc' dir='ltr'>ὃς</span> <span class='ocrx_word' id='word_1_65' title='bbox 432 421 605 463; x_wconf 82' lang='lat' dir='ltr'>ambitio,</span> <span class='ocrx_word' id='word_1_66' title='bbox 643 427 874 475; x_wconf 84' lang='lat' dir='ltr'>Qanquam</span> <span class='ocrx_word' id='word_1_67' title='bbox 901 424 1095 478; x_wconf 85' lang='lat' dir='ltr'>probabile</span> <span class='ocrx_word' id='word_1_68' title='bbox 1115 426 1162 464; x_wconf 92' lang='lat' dir='ltr'>est</span> <span class='ocrx_word' id='word_1_69' title='bbox 1183 428 1342 480; x_wconf 86' lang='lat' dir='ltr'>impulsu</span> <span class='ocrx_word' id='word_1_70' title='bbox 1363 430 1516 482; x_wconf 78' lang='lat' dir='ltr'>Spiritus</span> <span class='ocrx_word' id='word_1_71' title='bbox 1533 430 1580 469; x_wconf 87' lang='lat' dir='ltr'>sic</span> <span class='ocrx_word' id='word_1_72' title='bbox 1592 427 1691 468; x_wconf 76' lang='lat' dir='ltr'>fuiffe</span> <span class='ocrx_word' id='word_1_73' title='bbox 1702 436 1912 485; x_wconf 75' lang='lat' dir='ltr'>praes&#39;atum,</span> 
     </span>
     <span class='ocr_line' id='line_1_8' title="bbox 98 477 1911 539; baseline 0.007 -25"><span class='ocrx_word' id='word_1_74' title='bbox 98 477 176 530; x_wconf 77' lang='lat' dir='ltr'>quo</span> <span class='ocrx_word' id='word_1_75' title='bbox 190 477 273 532; x_wconf 82' lang='lat' dir='ltr'>plus</span> <span class='ocrx_word' id='word_1_76' title='bbox 285 477 367 516; x_wconf 86' lang='lat' dir='ltr'>fidei</span> <span class='ocrx_word' id='word_1_77' title='bbox 378 477 450 516; x_wconf 90' lang='lat' dir='ltr'>suis</span> <span class='ocrx_word' id='word_1_78' title='bbox 461 478 565 516; x_wconf 69' lang='lat' dir='ltr'>diffls</span> <span class='ocrx_word' id='word_1_79' title='bbox 577 479 754 519; x_wconf 81' lang='lat' dir='ltr'>assereret.</span> <span class='ocrx_word' id='word_1_80' title='bbox 773 482 965 518; x_wconf 79' lang='lat' dir='ltr'>Caeterum</span> <span class='ocrx_word' id='word_1_81' title='bbox 979 493 1022 518; x_wconf 86' lang='lat' dir='ltr'>ex</span> <span class='ocrx_word' id='word_1_82' title='bbox 1033 479 1104 518; x_wconf 91' lang='lat' dir='ltr'>hoc</span> <span class='ocrx_word' id='word_1_83' title='bbox 1118 480 1242 519; x_wconf 75' lang='lat' dir='ltr'>cofilio</span> <span class='ocrx_word' id='word_1_84' title='bbox 1254 482 1337 522; x_wconf 87' lang='lat' dir='ltr'>licet</span> <span class='ocrx_word' id='word_1_85' title='bbox 1348 483 1406 521; x_wconf 88' lang='lat' dir='ltr'>sen</span> <span class='ocrx_word' id='word_1_86' title='bbox 1413 484 1494 522; x_wconf 91' lang='lat' dir='ltr'>sum</span> <span class='ocrx_word' id='word_1_87' title='bbox 1508 485 1712 524; x_wconf 86' lang='lat' dir='ltr'>verborum</span> <span class='ocrx_word' id='word_1_88' title='bbox 1724 478 1911 539; x_wconf 44' lang='lat' dir='ltr'>&amp;elligere</span> 
     </span>
     <span class='ocr_line' id='line_1_9' title="bbox 97 529 1913 593; baseline 0.006 -24"><span class='ocrx_word' id='word_1_89' title='bbox 97 530 240 585; x_wconf 78' lang='lat' dir='ltr'>Elogiis</span> <span class='ocrx_word' id='word_1_90' title='bbox 261 529 296 570; x_wconf 91' lang='lat' dir='ltr'>se</span> <span class='ocrx_word' id='word_1_91' title='bbox 305 546 414 572; x_wconf 86' lang='lat' dir='ltr'>ornat</span> <span class='ocrx_word' id='word_1_92' title='bbox 434 533 584 572; x_wconf 80' lang='lat' dir='ltr'><strong>Balaam</strong></span> <span class='ocrx_word' id='word_1_93' title='bbox 598 562 608 577; x_wconf 94' lang='lat'><em>‚</em></span> <span class='ocrx_word' id='word_1_94' title='bbox 626 533 761 585; x_wconf 87' lang='lat' dir='ltr'>quibus</span> <span class='ocrx_word' id='word_1_95' title='bbox 780 534 1042 588; x_wconf 87' lang='lat' dir='ltr'>propheticum</span> <span class='ocrx_word' id='word_1_96' title='bbox 1063 549 1203 574; x_wconf 89' lang='lat' dir='ltr'>munus</span> <span class='ocrx_word' id='word_1_97' title='bbox 1222 535 1285 575; x_wconf 91' lang='lat' dir='ltr'>sibi</span> <span class='ocrx_word' id='word_1_98' title='bbox 1303 551 1458 590; x_wconf 85' lang='lat' dir='ltr'>arroget.</span> <span class='ocrx_word' id='word_1_99' title='bbox 1483 541 1580 593; x_wconf 86' lang='lat' dir='ltr'>Ergo</span> <span class='ocrx_word' id='word_1_100' title='bbox 1593 530 1870 593; x_wconf 29' lang='lat' dir='ltr'>quaecur&#39;ffiuebde</span> <span class='ocrx_word' id='word_1_101' title='bbox 1880 543 1913 581; x_wconf 91' lang='lat' dir='ltr'>se</span> 
     </span>
     <span class='ocr_line' id='line_1_10' title="bbox 54 585 1910 649; baseline 0.006 -25"><span class='ocrx_word' id='word_1_102' title='bbox 54 633 60 637; x_wconf 30' lang='lat'>¹</span> <span class='ocrx_word' id='word_1_103' title='bbox 95 585 270 639; x_wconf 61' lang='lat' dir='ltr'>ptssaedicat</span> <span class='ocrx_word' id='word_1_104' title='bbox 281 586 470 627; x_wconf 89' lang='lat' dir='ltr'>sciendum</span> <span class='ocrx_word' id='word_1_105' title='bbox 483 588 531 626; x_wconf 90' lang='lat' dir='ltr'>est</span> <span class='ocrx_word' id='word_1_106' title='bbox 540 602 752 642; x_wconf 85' lang='lat' dir='ltr'>competere</span> <span class='ocrx_word' id='word_1_107' title='bbox 764 604 802 627; x_wconf 87' lang='lat' dir='ltr'>in</span> <span class='ocrx_word' id='word_1_108' title='bbox 815 603 922 628; x_wconf 78' lang='lat' dir='ltr'>‚veros</span> <span class='ocrx_word' id='word_1_109' title='bbox 936 592 1005 629; x_wconf 93' lang='lat' dir='ltr'>Dei</span> <span class='ocrx_word' id='word_1_110' title='bbox 1019 591 1218 645; x_wconf 82' lang='lat' dir='ltr'>Prophetas</span> <span class='ocrx_word' id='word_1_111' title='bbox 1229 621 1238 637; x_wconf 91' lang='lat'><em>‚</em></span> <span class='ocrx_word' id='word_1_112' title='bbox 1251 606 1417 646; x_wconf 85' lang='lat' dir='ltr'>quorum</span> <span class='ocrx_word' id='word_1_113' title='bbox 1429 606 1534 633; x_wconf 84' lang='lat' dir='ltr'>notas</span> <span class='ocrx_word' id='word_1_114' title='bbox 1544 599 1583 632; x_wconf 85' lang='lat'>&amp;</span> <span class='ocrx_word' id='word_1_115' title='bbox 1594 594 1750 649; x_wconf 82' lang='lat' dir='ltr'>insignia</span> <span class='ocrx_word' id='word_1_116' title='bbox 1763 609 1910 635; x_wconf 86' lang='lat' dir='ltr'>mutua-</span> 
     </span>
     <span class='ocr_line' id='line_1_11' title="bbox 89 640 1911 700; baseline 0.007 -22"><span class='ocrx_word' id='word_1_117' title='bbox 89 653 167 679; x_wconf 87' lang='lat' dir='ltr'>·tur.</span> <span class='ocrx_word' id='word_1_118' title='bbox 178 641 219 679; x_wconf 94' lang='lat' dir='ltr'>ln</span> <span class='ocrx_word' id='word_1_119' title='bbox 232 640 334 681; x_wconf 88' lang='lat' dir='ltr'>hnnc</span> <span class='ocrx_word' id='word_1_120' title='bbox 345 644 458 682; x_wconf 86' lang='lat' dir='ltr'>finem</span> <span class='ocrx_word' id='word_1_121' title='bbox 477 642 562 682; x_wconf 90' lang='lat' dir='ltr'>dicit</span> <span class='ocrx_word' id='word_1_122' title='bbox 572 644 604 682; x_wconf 91' lang='lat' dir='ltr'>se</span> <span class='ocrx_word' id='word_1_123' title='bbox 621 643 881 682; x_wconf 83' lang='lat' dir='ltr'>absconditum</span> <span class='ocrx_word' id='word_1_124' title='bbox 902 644 969 683; x_wconf 82' lang='lat' dir='ltr'>cssc</span> <span class='ocrx_word' id='word_1_125' title='bbox 980 645 1108 684; x_wconf 92' lang='lat' dir='ltr'>oculo:</span> <span class='ocrx_word' id='word_1_126' title='bbox 1123 659 1198 697; x_wconf 91' lang='lat' dir='ltr'>quo</span> <span class='ocrx_word' id='word_1_127' title='bbox 1211 649 1386 700; x_wconf 83' lang='lat' dir='ltr'>significat</span> <span class='ocrx_word' id='word_1_128' title='bbox 1404 660 1480 686; x_wconf 91' lang='lat' dir='ltr'>non</span> <span class='ocrx_word' id='word_1_129' title='bbox 1491 649 1630 700; x_wconf 85' lang='lat' dir='ltr'>vulgari</span> <span class='ocrx_word' id='word_1_130' title='bbox 1642 664 1751 689; x_wconf 90' lang='lat' dir='ltr'>more</span> <span class='ocrx_word' id='word_1_131' title='bbox 1763 654 1796 689; x_wconf 85' lang='lat' dir='ltr'>[e</span> <span class='ocrx_word' id='word_1_132' title='bbox 1807 651 1911 690; x_wconf 88' lang='lat' dir='ltr'>vide-</span> 
     </span>
     <span class='ocr_line' id='line_1_12' title="bbox 95 695 1912 753; baseline 0.007 -20"><span class='ocrx_word' id='word_1_133' title='bbox 95 709 137 737; x_wconf 86' lang='lat' dir='ltr'>re</span> <span class='ocrx_word' id='word_1_134' title='bbox 147 724 156 740; x_wconf 89' lang='lat'><em>‚</em></span> <span class='ocrx_word' id='word_1_135' title='bbox 168 695 226 735; x_wconf 89' lang='lat' dir='ltr'>sed</span> <span class='ocrx_word' id='word_1_136' title='bbox 236 698 373 750; x_wconf 85' lang='lat' dir='ltr'>pollere</span> <span class='ocrx_word' id='word_1_137' title='bbox 384 700 522 737; x_wconf 87' lang='lat' dir='ltr'>arcanis</span> <span class='ocrx_word' id='word_1_138' title='bbox 533 697 746 737; x_wconf 78' lang='lat' dir='ltr'>visionibus.</span> <span class='ocrx_word' id='word_1_139' title='bbox 762 699 1011 739; x_wconf 82' lang='lat' dir='ltr'>Consentiunt</span> <span class='ocrx_word' id='word_1_140' title='bbox 1024 706 1237 753; x_wconf 83' lang='lat' dir='ltr'>interpretes</span> <span class='ocrx_word' id='word_1_141' title='bbox 1258 711 1324 733; x_wconf 66' lang='lat'>0⁰³0</span> <span class='ocrx_word' id='word_1_142' title='bbox 1346 706 1563 742; x_wconf 84' lang='lat' dir='ltr'>tantundem</span> <span class='ocrx_word' id='word_1_143' title='bbox 1576 704 1694 743; x_wconf 86' lang='lat' dir='ltr'>valere</span> <span class='ocrx_word' id='word_1_144' title='bbox 1703 720 1743 744; x_wconf 88' lang='lat' dir='ltr'>ac</span> <span class='ocrx_word' id='word_1_145' title='bbox 1762 707 1912 752; x_wconf 74' lang='lat' dir='ltr'>nno,l]0c</span> 
     </span>
     <span class='ocr_line' id='line_1_13' title="bbox 95 750 1912 812; baseline 0.006 -23"><span class='ocrx_word' id='word_1_146' title='bbox 95 750 148 790; x_wconf 73' lang='lat' dir='ltr'>,est</span> <span class='ocrx_word' id='word_1_147' title='bbox 159 751 324 792; x_wconf 80' lang='lat' dir='ltr'>clausum</span> <span class='ocrx_word' id='word_1_148' title='bbox 344 753 403 791; x_wconf 89' lang='lat' dir='ltr'>vel</span> <span class='ocrx_word' id='word_1_149' title='bbox 425 754 695 794; x_wconf 87' lang='lat' dir='ltr'>absconditum.</span> <span class='ocrx_word' id='word_1_150' title='bbox 717 755 842 805; x_wconf 87' lang='lat' dir='ltr'>Itaque</span> <span class='ocrx_word' id='word_1_151' title='bbox 862 767 1008 794; x_wconf 85' lang='lat' dir='ltr'>vertunt</span> <span class='ocrx_word' id='word_1_152' title='bbox 1028 756 1180 807; x_wconf 88' lang='lat' dir='ltr'>quidam</span> <span class='ocrx_word' id='word_1_153' title='bbox 1203 759 1242 794; x_wconf 89' lang='lat' dir='ltr'>in</span> <span class='ocrx_word' id='word_1_154' title='bbox 1255 769 1422 809; x_wconf 90' lang='lat' dir='ltr'>tempore</span> <span class='ocrx_word' id='word_1_155' title='bbox 1441 759 1823 812; x_wconf 67' lang='lat' dir='ltr'>plusquamperfeEto,</span> <span class='ocrx_word' id='word_1_156' title='bbox 1844 761 1912 801; x_wconf 91' lang='lat' dir='ltr'>Vir</span> 
     </span>
     <span class='ocr_line' id='line_1_14' title="bbox 95 806 1910 864; baseline 0.006 -20"><span class='ocrx_word' id='word_1_157' title='bbox 95 812 152 845; x_wconf 90' lang='lat' dir='ltr'>cui</span> <span class='ocrx_word' id='word_1_158' title='bbox 168 806 306 847; x_wconf 89' lang='lat' dir='ltr'>clausus</span> <span class='ocrx_word' id='word_1_159' title='bbox 316 821 391 847; x_wconf 85' lang='lat' dir='ltr'>erat</span> <span class='ocrx_word' id='word_1_160' title='bbox 403 808 531 847; x_wconf 87' lang='lat' dir='ltr'>oculus</span> <span class='ocrx_word' id='word_1_161' title='bbox 545 824 553 846; x_wconf 74' lang='grc' dir='ltr'>ι</span> <span class='ocrx_word' id='word_1_162' title='bbox 568 814 606 846; x_wconf 74' lang='grc' dir='ltr'>ὃ(</span> <span class='ocrx_word' id='word_1_163' title='bbox 620 808 691 846; x_wconf 88' lang='lat' dir='ltr'>hoc</span> <span class='ocrx_word' id='word_1_164' title='bbox 703 809 915 861; x_wconf 87' lang='lat' dir='ltr'>intelligunt</span> <span class='ocrx_word' id='word_1_165' title='bbox 926 811 967 848; x_wconf 89' lang='lat' dir='ltr'>de</span> <span class='ocrx_word' id='word_1_166' title='bbox 979 815 1135 850; x_wconf 68' lang='lat' dir='ltr'>caecitate</span> <span class='ocrx_word' id='word_1_167' title='bbox 1146 811 1291 850; x_wconf 78' lang='lat' dir='ltr'><strong>Balaam</strong></span> <span class='ocrx_word' id='word_1_168' title='bbox 1306 841 1314 857; x_wconf 90' lang='lat'>,</span> <span class='ocrx_word' id='word_1_169' title='bbox 1328 827 1447 864; x_wconf 87' lang='lat' dir='ltr'>quum</span> <span class='ocrx_word' id='word_1_170' title='bbox 1461 814 1595 853; x_wconf 85' lang='lat' dir='ltr'>clarius</span> <span class='ocrx_word' id='word_1_171' title='bbox 1605 815 1743 854; x_wconf 89' lang='lat' dir='ltr'>videret</span> <span class='ocrx_word' id='word_1_172' title='bbox 1756 830 1833 856; x_wconf 87' lang='lat' dir='ltr'>eius</span> <span class='ocrx_word' id='word_1_173' title='bbox 1846 816 1910 855; x_wconf 85' lang='lat' dir='ltr'>afi—</span> 
     </span>
     <span class='ocr_line' id='line_1_15' title="bbox 96 863 1910 923; baseline 0.006 -23"><span class='ocrx_word' id='word_1_174' title='bbox 96 875 143 901; x_wconf 88' lang='lat' dir='ltr'>na</span> <span class='ocrx_word' id='word_1_175' title='bbox 164 864 279 914; x_wconf 70' lang='lat' dir='ltr'>qnam</span> <span class='ocrx_word' id='word_1_176' title='bbox 301 864 390 917; x_wconf 87' lang='lat' dir='ltr'>ipse.</span> <span class='ocrx_word' id='word_1_177' title='bbox 420 864 491 902; x_wconf 90' lang='lat' dir='ltr'>Alii</span> <span class='ocrx_word' id='word_1_178' title='bbox 503 870 589 914; x_wconf 89' lang='lat' dir='ltr'>quia</span> <span class='ocrx_word' id='word_1_179' title='bbox 608 863 738 901; x_wconf 81' lang='lat' dir='ltr'>vident</span> <span class='ocrx_word' id='word_1_180' title='bbox 759 863 796 902; x_wconf 91' lang='lat' dir='ltr'>id</span> <span class='ocrx_word' id='word_1_181' title='bbox 819 879 1082 904; x_wconf 84' lang='lat' dir='ltr'>commentum</span> <span class='ocrx_word' id='word_1_182' title='bbox 1103 869 1219 904; x_wconf 88' lang='lat' dir='ltr'>nimis</span> <span class='ocrx_word' id='word_1_183' title='bbox 1240 867 1304 905; x_wconf 80' lang='lat' dir='ltr'>effe</span> <span class='ocrx_word' id='word_1_184' title='bbox 1324 868 1482 907; x_wconf 89' lang='lat' dir='ltr'>dilutum</span> <span class='ocrx_word' id='word_1_185' title='bbox 1493 899 1502 914; x_wconf 92' lang='lat'>‚</span> <span class='ocrx_word' id='word_1_186' title='bbox 1520 883 1582 922; x_wconf 87' lang='lat' dir='ltr'>per</span> <span class='ocrx_word' id='word_1_187' title='bbox 1599 870 1822 923; x_wconf 83' lang='lat' dir='ltr'>antiphrasin</span> <span class='ocrx_word' id='word_1_188' title='bbox 1848 886 1910 909; x_wconf 83' lang='lat' dir='ltr'>ex·</span> 
     </span>
     <span class='ocr_line' id='line_1_16' title="bbox 94 918 1910 975; baseline 0.005 -20"><span class='ocrx_word' id='word_1_189' title='bbox 94 931 244 971; x_wconf 90' lang='lat' dir='ltr'>ponunt</span> <span class='ocrx_word' id='word_1_190' title='bbox 257 948 266 963; x_wconf 89' lang='lat'>,</span> <span class='ocrx_word' id='word_1_191' title='bbox 283 921 355 958; x_wconf 90' lang='lat' dir='ltr'>Cui</span> <span class='ocrx_word' id='word_1_192' title='bbox 369 932 513 972; x_wconf 83' lang='lat' dir='ltr'>apertus</span> <span class='ocrx_word' id='word_1_193' title='bbox 525 918 575 956; x_wconf 86' lang='lat' dir='ltr'>est</span> <span class='ocrx_word' id='word_1_194' title='bbox 595 918 739 959; x_wconf 90' lang='lat' dir='ltr'>oculus.</span> <span class='ocrx_word' id='word_1_195' title='bbox 767 919 836 958; x_wconf 88' lang='lat' dir='ltr'>Sed</span> <span class='ocrx_word' id='word_1_196' title='bbox 847 925 1028 971; x_wconf 86' lang='lat' dir='ltr'>quoniam</span> <span class='ocrx_word' id='word_1_197' title='bbox 1049 920 1124 958; x_wconf 53' lang='lat' dir='ltr'>hec</span> <span class='ocrx_word' id='word_1_198' title='bbox 1143 925 1254 960; x_wconf 89' lang='lat' dir='ltr'>etiam</span> <span class='ocrx_word' id='word_1_199' title='bbox 1274 928 1520 975; x_wconf 80' lang='lat' dir='ltr'>interpretatio</span> <span class='ocrx_word' id='word_1_200' title='bbox 1533 929 1655 964; x_wconf 56' lang='lat' dir='ltr'>coatia</span> <span class='ocrx_word' id='word_1_201' title='bbox 1669 926 1739 970; x_wconf 84' lang='lat' dir='ltr'>est,</span> <span class='ocrx_word' id='word_1_202' title='bbox 1752 940 1828 967; x_wconf 89' lang='lat' dir='ltr'>non</span> <span class='ocrx_word' id='word_1_203' title='bbox 1844 929 1910 966; x_wconf 88' lang='lat' dir='ltr'>du-</span> 
     </span>
     <span class='ocr_line' id='line_1_17' title="bbox 96 973 1908 1034; baseline 0.006 -23"><span class='ocrx_word' id='word_1_204' title='bbox 96 974 174 1011; x_wconf 92' lang='lat' dir='ltr'>bito</span> <span class='ocrx_word' id='word_1_205' title='bbox 188 987 278 1028; x_wconf 90' lang='lat' dir='ltr'>quin</span> <span class='ocrx_word' id='word_1_206' title='bbox 291 974 529 1012; x_wconf 86' lang='lat' dir='ltr'>absconditos</span> <span class='ocrx_word' id='word_1_207' title='bbox 541 973 604 1011; x_wconf 87' lang='lat' dir='ltr'>sibi</span> <span class='ocrx_word' id='word_1_208' title='bbox 616 973 680 1012; x_wconf 82' lang='lat' dir='ltr'>esse</span> <span class='ocrx_word' id='word_1_209' title='bbox 690 974 820 1012; x_wconf 87' lang='lat' dir='ltr'>oculos</span> <span class='ocrx_word' id='word_1_210' title='bbox 831 976 925 1013; x_wconf 89' lang='lat' dir='ltr'>dicat</span> <span class='ocrx_word' id='word_1_211' title='bbox 939 1006 947 1019; x_wconf 90' lang='lat'>,</span> <span class='ocrx_word' id='word_1_212' title='bbox 959 981 1043 1030; x_wconf 85' lang='lat' dir='ltr'>quia</span> <span class='ocrx_word' id='word_1_213' title='bbox 1055 988 1185 1014; x_wconf 83' lang='lat' dir='ltr'>arcana</span> <span class='ocrx_word' id='word_1_214' title='bbox 1197 975 1417 1029; x_wconf 60' lang='lat' dir='ltr'>inspeti&#39;tione</span> <span class='ocrx_word' id='word_1_215' title='bbox 1430 980 1568 1030; x_wconf 81' lang='lat' dir='ltr'>pollent</span> <span class='ocrx_word' id='word_1_216' title='bbox 1580 981 1688 1034; x_wconf 84' lang='lat' dir='ltr'>supra</span> <span class='ocrx_word' id='word_1_217' title='bbox 1697 980 1908 1020; x_wconf 88' lang='lat' dir='ltr'>humanum</span> 
     </span>
     <span class='ocr_line' id='line_1_18' title="bbox 93 1028 1908 1090; baseline 0.005 -23"><span class='ocrx_word' id='word_1_218' title='bbox 93 1028 273 1070; x_wconf 80' lang='lat' dir='ltr'>modum,</span> <span class='ocrx_word' id='word_1_219' title='bbox 295 1029 395 1066; x_wconf 76' lang='lat' dir='ltr'>Nam</span> <span class='ocrx_word' id='word_1_220' title='bbox 406 1042 540 1066; x_wconf 86' lang='lat' dir='ltr'>vocem</span> <span class='ocrx_word' id='word_1_221' title='bbox 552 1028 649 1068; x_wconf 86' lang='lat' dir='ltr'>hanc</span> <span class='ocrx_word' id='word_1_222' title='bbox 659 1030 805 1082; x_wconf 85' lang='lat' dir='ltr'>vsurpat</span> <span class='ocrx_word' id='word_1_223' title='bbox 820 1031 943 1069; x_wconf 85' lang='lat' dir='ltr'>Dauid</span> <span class='ocrx_word' id='word_1_224' title='bbox 953 1046 1019 1084; x_wconf 88' lang='lat' dir='ltr'>pro</span> <span class='ocrx_word' id='word_1_225' title='bbox 1031 1030 1212 1081; x_wconf 84' lang='lat' dir='ltr'>mysteriis</span> <span class='ocrx_word' id='word_1_226' title='bbox 1224 1060 1231 1074; x_wconf 89' lang='lat'>,</span> <span class='ocrx_word' id='word_1_227' title='bbox 1245 1046 1363 1082; x_wconf 87' lang='lat' dir='ltr'>quum</span> <span class='ocrx_word' id='word_1_228' title='bbox 1375 1032 1463 1070; x_wconf 87' lang='lat' dir='ltr'>dicit</span> <span class='ocrx_word' id='word_1_229' title='bbox 1473 1062 1481 1076; x_wconf 94' lang='lat'>‚</span> <span class='ocrx_word' id='word_1_230' title='bbox 1501 1035 1720 1074; x_wconf 80' lang='lat' dir='ltr'>Abscondita</span> <span class='ocrx_word' id='word_1_231' title='bbox 1731 1036 1908 1090; x_wconf 73' lang='lat' dir='ltr'>sapientia·</span> 
     </span>
     <span class='ocr_line' id='line_1_19' title="bbox 92 1083 1905 1140; baseline 0.004 -18"><span class='ocrx_word' id='word_1_232' title='bbox 92 1083 333 1123; x_wconf 87' lang='lat' dir='ltr'>manifestasti</span> <span class='ocrx_word' id='word_1_233' title='bbox 347 1083 535 1123; x_wconf 82' lang='lat' dir='ltr'>mihi.Nifi</span> <span class='ocrx_word' id='word_1_234' title='bbox 548 1085 643 1123; x_wconf 75' lang='lat' dir='ltr'>forte</span> <span class='ocrx_word' id='word_1_235' title='bbox 653 1084 790 1137; x_wconf 89' lang='lat' dir='ltr'>placeat</span> <span class='ocrx_word' id='word_1_236' title='bbox 800 1115 810 1129; x_wconf 96' lang='lat'>,</span> <span class='ocrx_word' id='word_1_237' title='bbox 823 1085 1018 1124; x_wconf 86' lang='lat' dir='ltr'>hominem</span> <span class='ocrx_word' id='word_1_238' title='bbox 1029 1099 1156 1124; x_wconf 85' lang='lat' dir='ltr'>vocari</span> <span class='ocrx_word' id='word_1_239' title='bbox 1181 1085 1400 1127; x_wconf 81' lang='lat' dir='ltr'>absconditis</span> <span class='ocrx_word' id='word_1_240' title='bbox 1419 1089 1536 1126; x_wconf 86' lang='lat' dir='ltr'>oculis</span> <span class='ocrx_word' id='word_1_241' title='bbox 1549 1093 1611 1140; x_wconf 86' lang='lat' dir='ltr'>qui</span> <span class='ocrx_word' id='word_1_242' title='bbox 1624 1095 1754 1130; x_wconf 81' lang='lat' dir='ltr'>onmia</span> <span class='ocrx_word' id='word_1_243' title='bbox 1767 1093 1905 1130; x_wconf 87' lang='lat' dir='ltr'>huma-</span> 
     </span>
     <span class='ocr_line' id='line_1_20' title="bbox 92 1139 1909 1194; baseline 0.004 -17"><span class='ocrx_word' id='word_1_244' title='bbox 92 1154 142 1178; x_wconf 86' lang='lat' dir='ltr'>na</span> <span class='ocrx_word' id='word_1_245' title='bbox 153 1140 321 1191; x_wconf 82' lang='lat' dir='ltr'>despicit,</span> <span class='ocrx_word' id='word_1_246' title='bbox 337 1144 375 1176; x_wconf 79' lang='grc'>8(</span> <span class='ocrx_word' id='word_1_247' title='bbox 394 1141 489 1192; x_wconf 79' lang='lat' dir='ltr'>apud</span> <span class='ocrx_word' id='word_1_248' title='bbox 502 1153 614 1191; x_wconf 90' lang='lat' dir='ltr'>quem</span> <span class='ocrx_word' id='word_1_249' title='bbox 633 1139 731 1179; x_wconf 84' lang='lat' dir='ltr'>nulla</span> <span class='ocrx_word' id='word_1_250' title='bbox 756 1140 804 1179; x_wconf 86' lang='lat' dir='ltr'>est</span> <span class='ocrx_word' id='word_1_251' title='bbox 824 1142 984 1194; x_wconf 80' lang='lat' dir='ltr'>personae</span> <span class='ocrx_word' id='word_1_252' title='bbox 1003 1147 1176 1193; x_wconf 85' lang='lat' dir='ltr'>acceptio.</span> <span class='ocrx_word' id='word_1_253' title='bbox 1199 1143 1267 1180; x_wconf 86' lang='lat' dir='ltr'>Sed</span> <span class='ocrx_word' id='word_1_254' title='bbox 1279 1143 1432 1181; x_wconf 83' lang='lat' dir='ltr'>alterum</span> <span class='ocrx_word' id='word_1_255' title='bbox 1452 1144 1543 1182; x_wconf 83' lang='lat' dir='ltr'>illud</span> <span class='ocrx_word' id='word_1_256' title='bbox 1559 1144 1689 1182; x_wconf 87' lang='lat' dir='ltr'>melius</span> <span class='ocrx_word' id='word_1_257' title='bbox 1715 1151 1909 1186; x_wconf 88' lang='lat' dir='ltr'>conuenit.</span> 
     </span>
     <span class='ocr_line' id='line_1_21' title="bbox 93 1188 1904 1252; baseline 0.004 -21"><span class='ocrx_word' id='word_1_258' title='bbox 93 1195 136 1232; x_wconf 85' lang='lat' dir='ltr'>Et</span> <span class='ocrx_word' id='word_1_259' title='bbox 147 1195 242 1232; x_wconf 70' lang='lat' dir='ltr'>certe</span> <span class='ocrx_word' id='word_1_260' title='bbox 256 1195 358 1245; x_wconf 87' lang='lat' dir='ltr'>quod</span> <span class='ocrx_word' id='word_1_261' title='bbox 368 1197 552 1232; x_wconf 82' lang='lat' dir='ltr'>continuo</span> <span class='ocrx_word' id='word_1_262' title='bbox 565 1194 643 1247; x_wconf 74' lang='lat' dir='ltr'>post</span> <span class='ocrx_word' id='word_1_263' title='bbox 654 1195 770 1240; x_wconf 81' lang='lat' dir='ltr'>addit,</span> <span class='ocrx_word' id='word_1_264' title='bbox 788 1196 948 1234; x_wconf 83' lang='lat' dir='ltr'>Auditor</span> <span class='ocrx_word' id='word_1_265' title='bbox 960 1197 1176 1234; x_wconf 83' lang='lat' dir='ltr'>sermonum</span> <span class='ocrx_word' id='word_1_266' title='bbox 1190 1199 1276 1241; x_wconf 91' lang='lat' dir='ltr'>Dei,</span> <span class='ocrx_word' id='word_1_267' title='bbox 1293 1205 1329 1236; x_wconf 74' lang='lat' dir='ltr'>&lt;Sc</span> <span class='ocrx_word' id='word_1_268' title='bbox 1345 1204 1408 1251; x_wconf 83' lang='lat' dir='ltr'>qui</span> <span class='ocrx_word' id='word_1_269' title='bbox 1426 1200 1708 1252; x_wconf 87' lang='lat' dir='ltr'>Omnipotentis</span> <span class='ocrx_word' id='word_1_270' title='bbox 1723 1188 1904 1239; x_wconf 68' lang='lat' dir='ltr'>visione⁹m</span> 
     </span>
     <span class='ocr_line' id='line_1_22' title="bbox 90 1249 1909 1307; baseline 0.003 -19"><span class='ocrx_word' id='word_1_271' title='bbox 90 1251 243 1288; x_wconf 83' lang='lat' dir='ltr'>intuitus</span> <span class='ocrx_word' id='word_1_272' title='bbox 255 1250 302 1288; x_wconf 90' lang='lat' dir='ltr'>est</span> <span class='ocrx_word' id='word_1_273' title='bbox 313 1278 324 1294; x_wconf 88' lang='lat'><em>‚</em></span> <span class='ocrx_word' id='word_1_274' title='bbox 336 1249 533 1302; x_wconf 68' lang='lat' dir='ltr'>expositiue</span> <span class='ocrx_word' id='word_1_275' title='bbox 547 1249 654 1288; x_wconf 90' lang='lat' dir='ltr'>debet</span> <span class='ocrx_word' id='word_1_276' title='bbox 664 1253 790 1304; x_wconf 83' lang='lat' dir='ltr'>accipi.</span> <span class='ocrx_word' id='word_1_277' title='bbox 812 1250 934 1290; x_wconf 84' lang='lat' dir='ltr'>Simile</span> <span class='ocrx_word' id='word_1_278' title='bbox 947 1250 994 1289; x_wconf 88' lang='lat' dir='ltr'>est</span> <span class='ocrx_word' id='word_1_279' title='bbox 1005 1250 1108 1303; x_wconf 89' lang='lat' dir='ltr'>quod</span> <span class='ocrx_word' id='word_1_280' title='bbox 1127 1252 1317 1291; x_wconf 83' lang='lat' dir='ltr'>subiicitur</span> <span class='ocrx_word' id='word_1_281' title='bbox 1329 1254 1519 1306; x_wconf 87' lang='lat' dir='ltr'>postremo</span> <span class='ocrx_word' id='word_1_282' title='bbox 1530 1254 1615 1293; x_wconf 91' lang='lat' dir='ltr'>loco</span> <span class='ocrx_word' id='word_1_283' title='bbox 1627 1283 1636 1298; x_wconf 88' lang='lat'><em>‚</em></span> <span class='ocrx_word' id='word_1_284' title='bbox 1653 1257 1730 1307; x_wconf 82' lang='lat' dir='ltr'>Qi</span> <span class='ocrx_word' id='word_1_285' title='bbox 1744 1257 1836 1294; x_wconf 82' lang='lat' dir='ltr'>cadit</span> <span class='ocrx_word' id='word_1_286' title='bbox 1848 1285 1857 1300; x_wconf 87' lang='lat'>,</span> <span class='ocrx_word' id='word_1_287' title='bbox 1870 1262 1909 1295; x_wconf 68' lang='grc' dir='ltr'>ὃς</span> 
     </span>
     <span class='ocr_line' id='line_1_23' title="bbox 90 1305 1910 1362; baseline 0.003 -18"><span class='ocrx_word' id='word_1_288' title='bbox 90 1311 305 1358; x_wconf 85' lang='lat' dir='ltr'>aperiuntur</span> <span class='ocrx_word' id='word_1_289' title='bbox 324 1305 434 1345; x_wconf 88' lang='lat' dir='ltr'>oculi.</span> <span class='ocrx_word' id='word_1_290' title='bbox 460 1305 563 1344; x_wconf 79' lang='lat' dir='ltr'>Nam</span> <span class='ocrx_word' id='word_1_291' title='bbox 575 1305 679 1357; x_wconf 87' lang='lat' dir='ltr'>quod</span> <span class='ocrx_word' id='word_1_292' title='bbox 699 1320 893 1359; x_wconf 85' lang='lat' dir='ltr'>exponunt</span> <span class='ocrx_word' id='word_1_293' title='bbox 903 1307 1072 1358; x_wconf 85' lang='lat' dir='ltr'>qnidam,</span> <span class='ocrx_word' id='word_1_294' title='bbox 1089 1320 1215 1345; x_wconf 80' lang='lat' dir='ltr'>mente</span> <span class='ocrx_word' id='word_1_295' title='bbox 1228 1308 1486 1361; x_wconf 69' lang='lat' dir='ltr'>vigilare-,dum</span> <span class='ocrx_word' id='word_1_296' title='bbox 1497 1308 1639 1362; x_wconf 84' lang='lat' dir='ltr'>sopitus</span> <span class='ocrx_word' id='word_1_297' title='bbox 1651 1311 1696 1347; x_wconf 84' lang='lat' dir='ltr'>cst</span> <span class='ocrx_word' id='word_1_298' title='bbox 1709 1307 1910 1350; x_wconf 85' lang='lat' dir='ltr'>secundum</span> 
     </span>
     <span class='ocr_line' id='line_1_24' title="bbox 89 1360 1908 1416; baseline 0.003 -18"><span class='ocrx_word' id='word_1_299' title='bbox 89 1374 242 1412; x_wconf 89' lang='lat' dir='ltr'>corpus,</span> <span class='ocrx_word' id='word_1_300' title='bbox 258 1360 370 1412; x_wconf 73' lang='lat' dir='ltr'>longe</span> <span class='ocrx_word' id='word_1_301' title='bbox 387 1365 543 1413; x_wconf 84' lang='lat' dir='ltr'>petitum</span> <span class='ocrx_word' id='word_1_302' title='bbox 557 1361 619 1403; x_wconf 81' lang='lat' dir='ltr'>est,</span> <span class='ocrx_word' id='word_1_303' title='bbox 640 1363 829 1413; x_wconf 84' lang='lat' dir='ltr'>Frigidum</span> <span class='ocrx_word' id='word_1_304' title='bbox 840 1363 927 1400; x_wconf 76' lang='lat' dir='ltr'>vero</span> <span class='ocrx_word' id='word_1_305' title='bbox 941 1364 1043 1416; x_wconf 87' lang='lat' dir='ltr'>quod</span> <span class='ocrx_word' id='word_1_306' title='bbox 1054 1363 1110 1401; x_wconf 87' lang='lat' dir='ltr'>alii</span> <span class='ocrx_word' id='word_1_307' title='bbox 1134 1363 1296 1401; x_wconf 83' lang='lat' dir='ltr'>referunt</span> <span class='ocrx_word' id='word_1_308' title='bbox 1305 1363 1348 1402; x_wconf 92' lang='lat' dir='ltr'>ad</span> <span class='ocrx_word' id='word_1_309' title='bbox 1370 1362 1597 1416; x_wconf 88' lang='lat' dir='ltr'>superiorem</span> <span class='ocrx_word' id='word_1_310' title='bbox 1619 1365 1806 1403; x_wconf 87' lang='lat' dir='ltr'>historiam</span> <span class='ocrx_word' id='word_1_311' title='bbox 1819 1395 1829 1410; x_wconf 91' lang='lat'>‚</span> <span class='ocrx_word' id='word_1_312' title='bbox 1844 1367 1908 1405; x_wconf 82' lang='lat' dir='ltr'>vbi</span> 
     </span>
     <span class='ocr_line' id='line_1_25' title="bbox 92 1414 1906 1471; baseline 0.002 -17"><span class='ocrx_word' id='word_1_313' title='bbox 92 1428 281 1454; x_wconf 86' lang='lat' dir='ltr'>narratum</span> <span class='ocrx_word' id='word_1_314' title='bbox 296 1414 383 1459; x_wconf 83' lang='lat' dir='ltr'>fnit,</span> <span class='ocrx_word' id='word_1_315' title='bbox 398 1415 592 1469; x_wconf 82' lang='lat' dir='ltr'>postquam</span> <span class='ocrx_word' id='word_1_316' title='bbox 606 1417 862 1469; x_wconf 83' lang='lat' dir='ltr'>collapsusfuit</span> <span class='ocrx_word' id='word_1_317' title='bbox 872 1417 1018 1456; x_wconf 77' lang='lat' dir='ltr'>Balaam</span> <span class='ocrx_word' id='word_1_318' title='bbox 1031 1417 1094 1457; x_wconf 90' lang='lat' dir='ltr'>sub</span> <span class='ocrx_word' id='word_1_319' title='bbox 1105 1421 1199 1456; x_wconf 85' lang='lat' dir='ltr'>asina</span> <span class='ocrx_word' id='word_1_320' title='bbox 1211 1447 1219 1463; x_wconf 93' lang='lat'>,</span> <span class='ocrx_word' id='word_1_321' title='bbox 1233 1419 1385 1457; x_wconf 61' lang='lat' dir='ltr'>reteelos</span> <span class='ocrx_word' id='word_1_322' title='bbox 1398 1416 1497 1457; x_wconf 70' lang='lat' dir='ltr'>suiffe</span> <span class='ocrx_word' id='word_1_323' title='bbox 1508 1422 1582 1458; x_wconf 87' lang='lat' dir='ltr'>cius</span> <span class='ocrx_word' id='word_1_324' title='bbox 1594 1420 1721 1458; x_wconf 84' lang='lat' dir='ltr'>oculos</span> <span class='ocrx_word' id='word_1_325' title='bbox 1733 1433 1772 1458; x_wconf 82' lang='lat' dir='ltr'>Vt</span> <span class='ocrx_word' id='word_1_326' title='bbox 1786 1425 1906 1471; x_wconf 65' lang='lat' dir='ltr'>Ange&gt;</span> 
     </span>
     <span class='ocr_line' id='line_1_26' title="bbox 88 1470 1907 1528; baseline 0.002 -19"><span class='ocrx_word' id='word_1_327' title='bbox 88 1470 170 1509; x_wconf 87' lang='lat' dir='ltr'>lum</span> <span class='ocrx_word' id='word_1_328' title='bbox 186 1472 339 1509; x_wconf 79' lang='lat' dir='ltr'>videret.</span> <span class='ocrx_word' id='word_1_329' title='bbox 355 1472 450 1525; x_wconf 80' lang='lat' dir='ltr'>Ergo</span> <span class='ocrx_word' id='word_1_330' title='bbox 465 1471 658 1522; x_wconf 77' lang='lat' dir='ltr'>Prophetis</span> <span class='ocrx_word' id='word_1_331' title='bbox 670 1473 703 1510; x_wconf 84' lang='lat' dir='ltr'>se</span> <span class='ocrx_word' id='word_1_332' title='bbox 713 1486 945 1525; x_wconf 85' lang='lat' dir='ltr'>comparans,</span> <span class='ocrx_word' id='word_1_333' title='bbox 957 1474 1043 1511; x_wconf 89' lang='lat' dir='ltr'>dicit</span> <span class='ocrx_word' id='word_1_334' title='bbox 1056 1471 1087 1511; x_wconf 90' lang='lat' dir='ltr'>se</span> <span class='ocrx_word' id='word_1_335' title='bbox 1098 1474 1222 1511; x_wconf 86' lang='lat' dir='ltr'>cadere</span> <span class='ocrx_word' id='word_1_336' title='bbox 1233 1486 1273 1512; x_wconf 91' lang='lat' dir='ltr'>vt</span> <span class='ocrx_word' id='word_1_337' title='bbox 1284 1476 1438 1512; x_wconf 80' lang='lat' dir='ltr'>visiones</span> <span class='ocrx_word' id='word_1_338' title='bbox 1452 1478 1620 1527; x_wconf 24' lang='lat' dir='ltr'>accipi-at.</span> <span class='ocrx_word' id='word_1_339' title='bbox 1635 1477 1735 1528; x_wconf 80' lang='lat' dir='ltr'>Saepe</span> <span class='ocrx_word' id='word_1_340' title='bbox 1744 1478 1842 1513; x_wconf 86' lang='lat' dir='ltr'>enim</span> <span class='ocrx_word' id='word_1_341' title='bbox 1855 1475 1907 1512; x_wconf 90' lang='lat' dir='ltr'>le-</span> 
     </span>
     <span class='ocr_line' id='line_1_27' title="bbox 87 1526 1906 1581; baseline 0.002 -17"><span class='ocrx_word' id='word_1_342' title='bbox 87 1533 215 1578; x_wconf 86' lang='lat' dir='ltr'>gimus</span> <span class='ocrx_word' id='word_1_343' title='bbox 226 1526 426 1580; x_wconf 85' lang='lat' dir='ltr'>prostratos</span> <span class='ocrx_word' id='word_1_344' title='bbox 438 1540 500 1566; x_wconf 88' lang='lat' dir='ltr'>aut</span> <span class='ocrx_word' id='word_1_345' title='bbox 511 1528 719 1566; x_wconf 83' lang='lat' dir='ltr'>debilitatos</span> <span class='ocrx_word' id='word_1_346' title='bbox 732 1526 835 1566; x_wconf 78' lang='lat' dir='ltr'>fuisse</span> <span class='ocrx_word' id='word_1_347' title='bbox 848 1527 1067 1581; x_wconf 78' lang='lat' dir='ltr'>Prophetas,</span> <span class='ocrx_word' id='word_1_348' title='bbox 1082 1536 1113 1568; x_wconf 86' lang='lat'>&amp;</span> <span class='ocrx_word' id='word_1_349' title='bbox 1127 1531 1223 1580; x_wconf 85' lang='lat' dir='ltr'>quasi</span> <span class='ocrx_word' id='word_1_350' title='bbox 1234 1531 1419 1567; x_wconf 85' lang='lat' dir='ltr'>exanimes</span> <span class='ocrx_word' id='word_1_351' title='bbox 1429 1529 1568 1568; x_wconf 76' lang='lat' dir='ltr'>iacuiffe</span> <span class='ocrx_word' id='word_1_352' title='bbox 1578 1557 1587 1573; x_wconf 90' lang='lat'><em>‚</em></span> <span class='ocrx_word' id='word_1_353' title='bbox 1597 1530 1664 1568; x_wconf 65' lang='lat' dir='ltr'>2vbi</span> <span class='ocrx_word' id='word_1_354' title='bbox 1678 1531 1710 1569; x_wconf 88' lang='lat' dir='ltr'>se</span> <span class='ocrx_word' id='word_1_355' title='bbox 1720 1531 1790 1569; x_wconf 88' lang='lat' dir='ltr'>illis</span> <span class='ocrx_word' id='word_1_356' title='bbox 1804 1533 1906 1569; x_wconf 88' lang='lat' dir='ltr'>Deus</span> 
     </span>
     <span class='ocr_line' id='line_1_28' title="bbox 87 1582 1903 1638; baseline 0.002 -18"><span class='ocrx_word' id='word_1_357' title='bbox 87 1582 276 1635; x_wconf 85' lang='lat' dir='ltr'>patefecit:</span> <span class='ocrx_word' id='word_1_358' title='bbox 289 1595 397 1634; x_wconf 85' lang='lat' dir='ltr'>atque</span> <span class='ocrx_word' id='word_1_359' title='bbox 409 1596 456 1621; x_wconf 86' lang='lat' dir='ltr'>ita</span> <span class='ocrx_word' id='word_1_360' title='bbox 469 1585 556 1622; x_wconf 90' lang='lat' dir='ltr'>Deo</span> <span class='ocrx_word' id='word_1_361' title='bbox 568 1583 703 1634; x_wconf 81' lang='lat' dir='ltr'>placuit</span> <span class='ocrx_word' id='word_1_362' title='bbox 717 1583 841 1622; x_wconf 88' lang='lat' dir='ltr'>seruos</span> <span class='ocrx_word' id='word_1_363' title='bbox 854 1585 937 1621; x_wconf 83' lang='lat' dir='ltr'>suos</span> <span class='ocrx_word' id='word_1_364' title='bbox 951 1583 1099 1622; x_wconf 85' lang='lat' dir='ltr'>deiicere</span> <span class='ocrx_word' id='word_1_365' title='bbox 1109 1583 1309 1622; x_wconf 88' lang='lat' dir='ltr'>secundum</span> <span class='ocrx_word' id='word_1_366' title='bbox 1321 1597 1468 1623; x_wconf 90' lang='lat' dir='ltr'>carnem</span> <span class='ocrx_word' id='word_1_367' title='bbox 1486 1597 1525 1622; x_wconf 93' lang='lat' dir='ltr'>vt</span> <span class='ocrx_word' id='word_1_368' title='bbox 1537 1583 1642 1638; x_wconf 87' lang='lat' dir='ltr'>supra</span> <span class='ocrx_word' id='word_1_369' title='bbox 1652 1588 1842 1624; x_wconf 87' lang='lat' dir='ltr'>mundum</span> <span class='ocrx_word' id='word_1_370' title='bbox 1854 1597 1903 1623; x_wconf 59' lang='lat' dir='ltr'>at⁴</span> 
     </span>
     <span class='ocr_line' id='line_1_29' title="bbox 86 1637 1604 1692; baseline 0.002 -17"><span class='ocrx_word' id='word_1_371' title='bbox 86 1637 233 1691; x_wconf 72' lang='lat' dir='ltr'>tolleret</span> <span class='ocrx_word' id='word_1_372' title='bbox 245 1652 412 1691; x_wconf 82' lang='lat' dir='ltr'>,propriis</span> <span class='ocrx_word' id='word_1_373' title='bbox 424 1638 562 1679; x_wconf 81' lang='lat' dir='ltr'>viribus</span> <span class='ocrx_word' id='word_1_374' title='bbox 574 1641 754 1677; x_wconf 87' lang='lat' dir='ltr'>exinanire</span> <span class='ocrx_word' id='word_1_375' title='bbox 769 1652 808 1677; x_wconf 92' lang='lat' dir='ltr'>vt</span> <span class='ocrx_word' id='word_1_376' title='bbox 818 1638 972 1692; x_wconf 84' lang='lat' dir='ltr'>repleret</span> <span class='ocrx_word' id='word_1_377' title='bbox 987 1643 1118 1678; x_wconf 86' lang='lat' dir='ltr'>virtute</span> <span class='ocrx_word' id='word_1_378' title='bbox 1128 1639 1263 1678; x_wconf 81' lang='lat' dir='ltr'>ca’lesti.</span> <span class='ocrx_word' id='word_1_379' title='bbox 1602 1637 1604 1639; x_wconf 40' lang='lat'><em>&#39;</em></span> 
     </span>
     <span class='ocr_line' id='line_1_30' title="bbox 88 1693 1907 1749; baseline 0.001 -18"><span class='ocrx_word' id='word_1_380' title='bbox 88 1734 92 1742; x_wconf 30' lang='lat'><strong>¹</strong></span> <span class='ocrx_word' id='word_1_381' title='bbox 144 1709 159 1741; x_wconf 79' lang='grc' dir='ltr'>ς</span> <span class='ocrx_word' id='word_1_382' title='bbox 216 1701 320 1745; x_wconf 72' lang='lat' dir='ltr'>Qa‘m</span> <span class='ocrx_word' id='word_1_383' title='bbox 328 1697 447 1744; x_wconf 69' lang='lat' dir='ltr'>pulchra</span> <span class='ocrx_word' id='word_1_384' title='bbox 459 1696 641 1734; x_wconf 44' lang='lat' dir='ltr'>alienanda.</span> <span class='ocrx_word' id='word_1_385' title='bbox 677 1696 831 1732; x_wconf 84' lang='lat' dir='ltr'>interior</span> <span class='ocrx_word' id='word_1_386' title='bbox 842 1693 952 1733; x_wconf 86' lang='lat' dir='ltr'>felicis</span> <span class='ocrx_word' id='word_1_387' title='bbox 973 1695 1104 1748; x_wconf 89' lang='lat' dir='ltr'>populi</span> <span class='ocrx_word' id='word_1_388' title='bbox 1125 1695 1291 1733; x_wconf 82' lang='lat' dir='ltr'>conditio</span> <span class='ocrx_word' id='word_1_389' title='bbox 1304 1693 1517 1734; x_wconf 81' lang='lat' dir='ltr'>describitur</span> <span class='ocrx_word' id='word_1_390' title='bbox 1527 1708 1592 1749; x_wconf 87' lang='lat' dir='ltr'>per</span> <span class='ocrx_word' id='word_1_391' title='bbox 1611 1697 1728 1735; x_wconf 81' lang='lat' dir='ltr'>varias</span> <span class='ocrx_word' id='word_1_392' title='bbox 1739 1694 1907 1733; x_wconf 83' lang='lat' dir='ltr'>similitu-</span> 
     </span>
     <span class='ocr_line' id='line_1_31' title="bbox 85 1747 1905 1805; baseline -0.001 -16"><span class='ocrx_word' id='word_1_393' title='bbox 85 1747 190 1789; x_wconf 84' lang='lat' dir='ltr'>dines</span> <span class='ocrx_word' id='word_1_394' title='bbox 200 1778 208 1793; x_wconf 93' lang='lat'>,</span> <span class='ocrx_word' id='word_1_395' title='bbox 223 1750 282 1789; x_wconf 88' lang='lat' dir='ltr'>sed</span> <span class='ocrx_word' id='word_1_396' title='bbox 292 1757 391 1788; x_wconf 80' lang='lat' dir='ltr'>intei-</span> <span class='ocrx_word' id='word_1_397' title='bbox 400 1749 433 1787; x_wconf 90' lang='lat' dir='ltr'>se</span> <span class='ocrx_word' id='word_1_398' title='bbox 443 1749 569 1789; x_wconf 80' lang='lat' dir='ltr'>affines</span> <span class='ocrx_word' id='word_1_399' title='bbox 584 1779 593 1794; x_wconf 88' lang='lat'>,</span> <span class='ocrx_word' id='word_1_400' title='bbox 604 1755 641 1788; x_wconf 77' lang='lat'>8&lt;</span> <span class='ocrx_word' id='word_1_401' title='bbox 654 1764 734 1803; x_wconf 81' lang='lat' dir='ltr'>quae</span> <span class='ocrx_word' id='word_1_402' title='bbox 744 1763 825 1787; x_wconf 86' lang='lat' dir='ltr'>rein</span> <span class='ocrx_word' id='word_1_403' title='bbox 837 1763 950 1788; x_wconf 82' lang='lat' dir='ltr'>vnam</span> <span class='ocrx_word' id='word_1_404' title='bbox 967 1752 1190 1803; x_wconf 87' lang='lat' dir='ltr'>exprimunt.</span> <span class='ocrx_word' id='word_1_405' title='bbox 1206 1751 1371 1788; x_wconf 85' lang='lat' dir='ltr'>Vallibus</span> <span class='ocrx_word' id='word_1_406' title='bbox 1383 1757 1420 1789; x_wconf 75' lang='grc'>8(</span> <span class='ocrx_word' id='word_1_407' title='bbox 1432 1751 1548 1789; x_wconf 79' lang='lat' dir='ltr'>hortis</span> <span class='ocrx_word' id='word_1_408' title='bbox 1559 1757 1707 1805; x_wconf 83' lang='lat' dir='ltr'>irriguis</span> <span class='ocrx_word' id='word_1_409' title='bbox 1720 1749 1905 1804; x_wconf 88' lang='lat' dir='ltr'>populum</span> 
     </span>
     <span class='ocr_line' id='line_1_32' title="bbox 84 1804 1906 1860; baseline 0.001 -19"><span class='ocrx_word' id='word_1_410' title='bbox 84 1805 439 1856; x_wconf 59' lang='lat' dir='ltr'>eomparat,deinde</span> <span class='ocrx_word' id='word_1_411' title='bbox 457 1804 651 1845; x_wconf 84' lang='lat' dir='ltr'>arboribus</span> <span class='ocrx_word' id='word_1_412' title='bbox 671 1819 751 1855; x_wconf 79' lang='lat' dir='ltr'>qua‘</span> <span class='ocrx_word' id='word_1_413' title='bbox 770 1805 869 1858; x_wconf 81' lang='lat' dir='ltr'>larga</span> <span class='ocrx_word' id='word_1_414' title='bbox 890 1805 1016 1857; x_wconf 86' lang='lat' dir='ltr'>pluuia</span> <span class='ocrx_word' id='word_1_415' title='bbox 1035 1806 1237 1844; x_wconf 89' lang='lat' dir='ltr'>redduntur</span> <span class='ocrx_word' id='word_1_416' title='bbox 1247 1804 1458 1844; x_wconf 82' lang='lat' dir='ltr'>succulentae</span> <span class='ocrx_word' id='word_1_417' title='bbox 1471 1822 1479 1844; x_wconf 78' lang='lat'><em>2</em></span> <span class='ocrx_word' id='word_1_418' title='bbox 1492 1806 1678 1860; x_wconf 76' lang='lat' dir='ltr'>postremo</span> <span class='ocrx_word' id='word_1_419' title='bbox 1688 1808 1906 1859; x_wconf 83' lang='lat' dir='ltr'>agris,quo-</span> 
     </span>
     <span class='ocr_line' id='line_1_33' title="bbox 83 1857 1908 1910; baseline 0.002 -18"><span class='ocrx_word' id='word_1_420' title='bbox 83 1870 171 1897; x_wconf 76' lang='lat' dir='ltr'>rum</span> <span class='ocrx_word' id='word_1_421' title='bbox 187 1857 328 1896; x_wconf 88' lang='lat' dir='ltr'>semina</span> <span class='ocrx_word' id='word_1_422' title='bbox 338 1862 606 1910; x_wconf 86' lang='lat' dir='ltr'>pinguedinem</span> <span class='ocrx_word' id='word_1_423' title='bbox 619 1872 664 1895; x_wconf 87' lang='lat' dir='ltr'>ex</span> <span class='ocrx_word' id='word_1_424' title='bbox 675 1863 778 1908; x_wconf 86' lang='lat' dir='ltr'>aquis</span> <span class='ocrx_word' id='word_1_425' title='bbox 790 1859 1030 1899; x_wconf 84' lang='lat' dir='ltr'>trahunt.Vbi</span> <span class='ocrx_word' id='word_1_426' title='bbox 1044 1862 1220 1898; x_wconf 84' lang='lat' dir='ltr'>vertimus</span> <span class='ocrx_word' id='word_1_427' title='bbox 1229 1889 1237 1904; x_wconf 95' lang='lat'><em>‚</em></span> <span class='ocrx_word' id='word_1_428' title='bbox 1253 1859 1412 1899; x_wconf 80' lang='lat' dir='ltr'>Diffusas</span> <span class='ocrx_word' id='word_1_429' title='bbox 1423 1861 1532 1899; x_wconf 87' lang='lat' dir='ltr'>valles</span> <span class='ocrx_word' id='word_1_430' title='bbox 1543 1889 1552 1904; x_wconf 89' lang='lat'>,</span> <span class='ocrx_word' id='word_1_431' title='bbox 1563 1861 1622 1899; x_wconf 88' lang='lat' dir='ltr'>alii</span> <span class='ocrx_word' id='word_1_432' title='bbox 1634 1873 1815 1899; x_wconf 86' lang='lat' dir='ltr'>torrentes</span> <span class='ocrx_word' id='word_1_433' title='bbox 1828 1873 1908 1896; x_wconf 88' lang='lat' dir='ltr'>rna-</span> 
     </span>
     <span class='ocr_line' id='line_1_34' title="bbox 81 1910 1909 1965; baseline 0.001 -16"><span class='ocrx_word' id='word_1_434' title='bbox 81 1910 226 1961; x_wconf 78' lang='lat' dir='ltr'>lunt.Et</span> <span class='ocrx_word' id='word_1_435' title='bbox 239 1925 314 1953; x_wconf 82' lang='lat' dir='ltr'>vox</span> <span class='ocrx_word' id='word_1_436' title='bbox 329 1911 511 1950; x_wconf 81' lang='lat' dir='ltr'>Hebraica</span> <span class='ocrx_word' id='word_1_437' title='bbox 521 1914 679 1961; x_wconf 82' lang='lat' dir='ltr'>vtri&#39;ique</span> <span class='ocrx_word' id='word_1_438' title='bbox 689 1911 943 1963; x_wconf 79' lang='lat' dir='ltr'>significat:sed</span> <span class='ocrx_word' id='word_1_439' title='bbox 954 1925 1132 1950; x_wconf 85' lang='lat' dir='ltr'>continua</span> <span class='ocrx_word' id='word_1_440' title='bbox 1143 1913 1360 1962; x_wconf 79' lang='lat' dir='ltr'>metaphora</span> <span class='ocrx_word' id='word_1_441' title='bbox 1371 1915 1531 1965; x_wconf 87' lang='lat' dir='ltr'>postulat</span> <span class='ocrx_word' id='word_1_442' title='bbox 1541 1914 1650 1952; x_wconf 83' lang='lat' dir='ltr'>valles</span> <span class='ocrx_word' id='word_1_443' title='bbox 1668 1917 1789 1965; x_wconf 87' lang='lat' dir='ltr'>potius</span> <span class='ocrx_word' id='word_1_444' title='bbox 1802 1912 1909 1950; x_wconf 80' lang='lat' dir='ltr'>intel-</span> 
     </span>
     <span class='ocr_line' id='line_1_35' title="bbox 81 1963 1908 2020; baseline 0 -15"><span class='ocrx_word' id='word_1_445' title='bbox 81 1965 166 2018; x_wconf 88' lang='lat' dir='ltr'>ligi.</span> <span class='ocrx_word' id='word_1_446' title='bbox 189 1965 528 2018; x_wconf 30' lang='lat' dir='ltr'>Eandem-quoque</span> <span class='ocrx_word' id='word_1_447' title='bbox 547 1967 734 2003; x_wconf 85' lang='lat' dir='ltr'>rationem</span> <span class='ocrx_word' id='word_1_448' title='bbox 760 1964 931 2016; x_wconf 87' lang='lat' dir='ltr'>sequutus</span> <span class='ocrx_word' id='word_1_449' title='bbox 942 1963 1024 2003; x_wconf 87' lang='lat' dir='ltr'>sum</span> <span class='ocrx_word' id='word_1_450' title='bbox 1041 1968 1079 2004; x_wconf 92' lang='lat' dir='ltr'>in</span> <span class='ocrx_word' id='word_1_451' title='bbox 1091 1966 1285 2005; x_wconf 87' lang='lat' dir='ltr'>arboribus</span> <span class='ocrx_word' id='word_1_452' title='bbox 1295 1966 1405 2007; x_wconf 87' lang='lat' dir='ltr'>aloes.</span> <span class='ocrx_word' id='word_1_453' title='bbox 1425 1966 1494 2005; x_wconf 81' lang='lat' dir='ltr'>Etsi</span> <span class='ocrx_word' id='word_1_454' title='bbox 1506 1972 1607 2007; x_wconf 89' lang='lat' dir='ltr'>enim</span> <span class='ocrx_word' id='word_1_455' title='bbox 1628 1966 1718 2001; x_wconf 52' lang='lat'>0⁸⁷³&amp;</span> <span class='ocrx_word' id='word_1_456' title='bbox 1737 1966 1829 2020; x_wconf 73' lang='lat' dir='ltr'>sape</span> <span class='ocrx_word' id='word_1_457' title='bbox 1842 1983 1908 2005; x_wconf 87' lang='lat' dir='ltr'>vo-</span> 
     </span>
     <span class='ocr_line' id='line_1_36' title="bbox 81 2019 1908 2074; baseline 0.001 -15"><span class='ocrx_word' id='word_1_458' title='bbox 81 2023 218 2060; x_wconf 78' lang='lat' dir='ltr'>cant&#39;ur</span> <span class='ocrx_word' id='word_1_459' title='bbox 235 2020 470 2067; x_wconf 77' lang='lat' dir='ltr'>tabernacula</span> <span class='ocrx_word' id='word_1_460' title='bbox 481 2047 490 2063; x_wconf 90' lang='lat'>,</span> <span class='ocrx_word' id='word_1_461' title='bbox 505 2019 655 2057; x_wconf 82' lang='lat' dir='ltr'>arbores</span> <span class='ocrx_word' id='word_1_462' title='bbox 670 2031 796 2056; x_wconf 85' lang='lat' dir='ltr'>tamen</span> <span class='ocrx_word' id='word_1_463' title='bbox 809 2019 867 2056; x_wconf 81' lang='lat' dir='ltr'>hic</span> <span class='ocrx_word' id='word_1_464' title='bbox 885 2019 1061 2071; x_wconf 77' lang='lat' dir='ltr'>designari</span> <span class='ocrx_word' id='word_1_465' title='bbox 1074 2033 1151 2057; x_wconf 88' lang='lat' dir='ltr'>non</span> <span class='ocrx_word' id='word_1_466' title='bbox 1176 2020 1310 2057; x_wconf 87' lang='lat' dir='ltr'>dubito</span> <span class='ocrx_word' id='word_1_467' title='bbox 1322 2048 1330 2061; x_wconf 91' lang='lat'>‚</span> <span class='ocrx_word' id='word_1_468' title='bbox 1345 2033 1384 2057; x_wconf 91' lang='lat' dir='ltr'>vt</span> <span class='ocrx_word' id='word_1_469' title='bbox 1394 2022 1609 2072; x_wconf 78' lang='lat' dir='ltr'>respondeat</span> <span class='ocrx_word' id='word_1_470' title='bbox 1626 2023 1727 2074; x_wconf 84' lang='lat' dir='ltr'>quod</span> <span class='ocrx_word' id='word_1_471' title='bbox 1740 2036 1832 2060; x_wconf 83' lang='lat' dir='ltr'>mox</span> <span class='ocrx_word' id='word_1_472' title='bbox 1846 2023 1908 2061; x_wconf 80' lang='lat' dir='ltr'>ad-</span> 
     </span>
     <span class='ocr_line' id='line_1_37' title="bbox 83 2072 1902 2128; baseline 0 -13"><span class='ocrx_word' id='word_1_473' title='bbox 83 2075 374 2127; x_wconf 22' lang='lat' dir='ltr'>ditufrdencedris.</span> <span class='ocrx_word' id='word_1_474' title='bbox 403 2075 595 2113; x_wconf 88' lang='lat' dir='ltr'>Dicuntur</span> <span class='ocrx_word' id='word_1_475' title='bbox 613 2087 738 2113; x_wconf 86' lang='lat' dir='ltr'>autem</span> <span class='ocrx_word' id='word_1_476' title='bbox 759 2072 938 2112; x_wconf 52' lang='lat' dir='ltr'>arbores&amp;</span> <span class='ocrx_word' id='word_1_477' title='bbox 960 2075 1042 2111; x_wconf 93' lang='lat' dir='ltr'>Deo</span> <span class='ocrx_word' id='word_1_478' title='bbox 1064 2073 1230 2127; x_wconf 84' lang='lat' dir='ltr'>plantatae</span> <span class='ocrx_word' id='word_1_479' title='bbox 1253 2088 1333 2125; x_wconf 83' lang='lat' dir='ltr'>quae</span> <span class='ocrx_word' id='word_1_480' title='bbox 1344 2072 1395 2112; x_wconf 90' lang='lat' dir='ltr'>ob</span> <span class='ocrx_word' id='word_1_481' title='bbox 1416 2073 1639 2128; x_wconf 73' lang='lat' dir='ltr'>singularem</span> <span class='ocrx_word' id='word_1_482' title='bbox 1660 2077 1902 2128; x_wconf 70' lang='lat' dir='ltr'>praestanti-am</span> 
     </span>
     <span class='ocr_line' id='line_1_38' title="bbox 83 2125 1905 2185; baseline 0.001 -15"><span class='ocrx_word' id='word_1_483' title='bbox 83 2125 265 2182; x_wconf 75' lang='lat' dir='ltr'>excedunt</span> <span class='ocrx_word' id='word_1_484' title='bbox 278 2131 489 2176; x_wconf 70' lang='lat' dir='ltr'>commune</span> <span class='ocrx_word' id='word_1_485' title='bbox 511 2143 653 2169; x_wconf 86' lang='lat' dir='ltr'>naturae</span> <span class='ocrx_word' id='word_1_486' title='bbox 665 2129 827 2167; x_wconf 83' lang='lat' dir='ltr'>modum</span> <span class='ocrx_word' id='word_1_487' title='bbox 840 2158 848 2172; x_wconf 94' lang='lat'>‚</span> <span class='ocrx_word' id='word_1_488' title='bbox 861 2135 899 2167; x_wconf 71' lang='lat' dir='ltr'>Sc</span> <span class='ocrx_word' id='word_1_489' title='bbox 910 2128 1046 2179; x_wconf 86' lang='lat' dir='ltr'>aliquid</span> <span class='ocrx_word' id='word_1_490' title='bbox 1055 2128 1228 2168; x_wconf 86' lang='lat' dir='ltr'>humano</span> <span class='ocrx_word' id='word_1_491' title='bbox 1247 2128 1375 2167; x_wconf 86' lang='lat' dir='ltr'>labore</span> <span class='ocrx_word' id='word_1_492' title='bbox 1387 2144 1427 2167; x_wconf 92' lang='lat' dir='ltr'>ac</span> <span class='ocrx_word' id='word_1_493' title='bbox 1436 2132 1589 2170; x_wconf 84' lang='lat' dir='ltr'>artificio</span> <span class='ocrx_word' id='word_1_494' title='bbox 1610 2132 1770 2174; x_wconf 75' lang='lat' dir='ltr'>nobilius</span> <span class='ocrx_word' id='word_1_495' title='bbox 1781 2147 1854 2185; x_wconf 79' lang='lat' dir='ltr'>prae</span> <span class='ocrx_word' id='word_1_496' title='bbox 1869 2134 1905 2171; x_wconf 90' lang='lat' dir='ltr'>se</span> 
     </span>
    </p>
   </div>
   <div class='ocr_carea' id='block_1_3' title="bbox 83 2183 1908 2238">
    <p class='ocr_par' dir='ltr' id='par_1_4' title="bbox 83 2183 1908 2238">
     <span class='ocr_line' id='line_1_39' title="bbox 83 2183 1908 2238; baseline 0.001 -14"><span class='ocrx_word' id='word_1_497' title='bbox 83 2185 224 2238; x_wconf 70' lang='lat' dir='ltr'>ferunt.</span> <span class='ocrx_word' id='word_1_498' title='bbox 242 2187 285 2236; x_wconf 75' lang='lat' dir='ltr'>In</span> <span class='ocrx_word' id='word_1_499' title='bbox 299 2184 481 2238; x_wconf 83' lang='lat' dir='ltr'>postrema</span> <span class='ocrx_word' id='word_1_500' title='bbox 501 2183 738 2223; x_wconf 76' lang='lat' dir='ltr'>similitudine</span> <span class='ocrx_word' id='word_1_501' title='bbox 749 2183 964 2224; x_wconf 81' lang='lat' dir='ltr'>hallucinati</span> <span class='ocrx_word' id='word_1_502' title='bbox 975 2183 1058 2223; x_wconf 86' lang='lat' dir='ltr'>sunt</span> <span class='ocrx_word' id='word_1_503' title='bbox 1075 2196 1178 2227; x_wconf 91' lang='lat' dir='ltr'>(meo</span> <span class='ocrx_word' id='word_1_504' title='bbox 1192 2184 1343 2228; x_wconf 87' lang='lat' dir='ltr'>iudicio)</span> <span class='ocrx_word' id='word_1_505' title='bbox 1357 2198 1578 2238; x_wconf 80' lang='lat' dir='ltr'>interpretes.</span> <span class='ocrx_word' id='word_1_506' title='bbox 1599 2186 1672 2225; x_wconf 86' lang='lat' dir='ltr'>Alii</span> <span class='ocrx_word' id='word_1_507' title='bbox 1685 2190 1908 2232; x_wconf 78' lang='lat' dir='ltr'>vertunt‚Sc-</span> 
     </span>
    </p>
   </div>
   <div class='ocr_carea' id='block_1_4' title="bbox 81 2239 1905 2519">
    <p class='ocr_par' dir='ltr' id='par_1_5' title="bbox 81 2239 1905 2405">
     <span class='ocr_line' id='line_1_40' title="bbox 81 2239 1905 2296; baseline 0.001 -15"><span class='ocrx_word' id='word_1_508' title='bbox 81 2257 174 2281; x_wconf 89' lang='lat' dir='ltr'>men</span> <span class='ocrx_word' id='word_1_509' title='bbox 186 2246 259 2281; x_wconf 88' lang='lat' dir='ltr'>eius</span> <span class='ocrx_word' id='word_1_510' title='bbox 269 2254 374 2293; x_wconf 85' lang='lat' dir='ltr'>aquae</span> <span class='ocrx_word' id='word_1_511' title='bbox 389 2239 651 2284; x_wconf 79' lang='lat' dir='ltr'>multaezalii&#39;,1n</span> <span class='ocrx_word' id='word_1_512' title='bbox 663 2254 772 2294; x_wconf 86' lang='lat' dir='ltr'>aquas</span> <span class='ocrx_word' id='word_1_513' title='bbox 784 2240 934 2281; x_wconf 80' lang='lat' dir='ltr'>multas.</span> <span class='ocrx_word' id='word_1_514' title='bbox 949 2242 1061 2291; x_wconf 84' lang='lat' dir='ltr'>Atqui</span> <span class='ocrx_word' id='word_1_515' title='bbox 1076 2241 1178 2294; x_wconf 89' lang='lat' dir='ltr'>quod</span> <span class='ocrx_word' id='word_1_516' title='bbox 1189 2254 1258 2293; x_wconf 87' lang='lat' dir='ltr'>ego</span> <span class='ocrx_word' id='word_1_517' title='bbox 1271 2240 1316 2278; x_wconf 89' lang='lat' dir='ltr'>ad</span> <span class='ocrx_word' id='word_1_518' title='bbox 1330 2239 1484 2278; x_wconf 83' lang='lat' dir='ltr'>verbum</span> <span class='ocrx_word' id='word_1_519' title='bbox 1498 2243 1661 2279; x_wconf 63' lang='lat' dir='ltr'>transtuli</span> <span class='ocrx_word' id='word_1_520' title='bbox 1674 2243 1905 2296; x_wconf 64' lang='lat' dir='ltr'>ingemelius</span> 
     </span>
     <span class='ocr_line' id='line_1_41' title="bbox 82 2293 1902 2350; baseline 0.001 -13"><span class='ocrx_word' id='word_1_521' title='bbox 82 2295 417 2345; x_wconf 75' lang='lat' dir='ltr'>fluit‚similemzeffe</span> <span class='ocrx_word' id='word_1_522' title='bbox 426 2299 660 2350; x_wconf 86' lang='lat' dir='ltr'>agropingui</span> <span class='ocrx_word' id='word_1_523' title='bbox 673 2303 711 2334; x_wconf 73' lang='grc' dir='ltr'>ὃ(</span> <span class='ocrx_word' id='word_1_524' title='bbox 725 2295 1022 2339; x_wconf 69' lang='lat' dir='ltr'>soecundo,cuius</span> <span class='ocrx_word' id='word_1_525' title='bbox 1033 2293 1158 2334; x_wconf 82' lang='lat' dir='ltr'>semen</span> <span class='ocrx_word' id='word_1_526' title='bbox 1172 2310 1265 2346; x_wconf 86' lang='lat' dir='ltr'>aqua</span> <span class='ocrx_word' id='word_1_527' title='bbox 1278 2295 1396 2334; x_wconf 89' lang='lat' dir='ltr'>multa</span> <span class='ocrx_word' id='word_1_528' title='bbox 1410 2296 1596 2337; x_wconf 76' lang='lat' dir='ltr'>satur-atur.</span> <span class='ocrx_word' id='word_1_529' title='bbox 1614 2299 1793 2338; x_wconf 53' lang='lat' dir='ltr'>Haemus</span> <span class='ocrx_word' id='word_1_530' title='bbox 1803 2302 1845 2338; x_wconf 92' lang='lat' dir='ltr'>de</span> <span class='ocrx_word' id='word_1_531' title='bbox 1860 2300 1902 2338; x_wconf 80' lang='lat' dir='ltr'>be</span> 
     </span>
     <span class='ocr_line' id='line_1_42' title="bbox 82 2350 1710 2405; baseline -0.001 -12"><span class='ocrx_word' id='word_1_532' title='bbox 82 2354 378 2404; x_wconf 60' lang='lat' dir='ltr'>nediffioneDgi</span> <span class='ocrx_word' id='word_1_533' title='bbox 391 2351 803 2404; x_wconf 57' lang='lat' dir='ltr'>disseruitssalaamquae</span> <span class='ocrx_word' id='word_1_534' title='bbox 817 2351 1002 2404; x_wconf 90' lang='lat' dir='ltr'>populum</span> <span class='ocrx_word' id='word_1_535' title='bbox 1016 2355 1122 2389; x_wconf 88' lang='lat' dir='ltr'>omni</span> <span class='ocrx_word' id='word_1_536' title='bbox 1138 2350 1331 2389; x_wconf 88' lang='lat' dir='ltr'>bonorum</span> <span class='ocrx_word' id='word_1_537' title='bbox 1345 2365 1451 2404; x_wconf 86' lang='lat' dir='ltr'>copia</span> <span class='ocrx_word' id='word_1_538' title='bbox 1461 2352 1710 2405; x_wconf 87' lang='lat' dir='ltr'>locupletabit-</span> 
     </span>
    </p>

    <p class='ocr_par' dir='ltr' id='par_1_6' title="bbox 81 2399 1904 2519">
     <span class='ocr_line' id='line_1_43' title="bbox 127 2399 1900 2461; baseline 0.002 -15.91"><span class='ocrx_word' id='word_1_539' title='bbox 127 2424 154 2461; x_wconf 93' lang='lat'><strong><em>7</em></strong></span> <span class='ocrx_word' id='word_1_540' title='bbox 188 2422 232 2448; x_wconf 71' lang='grc' dir='ltr'>,ει</span> <span class='ocrx_word' id='word_1_541' title='bbox 242 2399 455 2458; x_wconf 57' lang='lat' dir='ltr'>elqubi&#39;mrxex</span> <span class='ocrx_word' id='word_1_542' title='bbox 463 2411 612 2459; x_wconf 71' lang='lat' dir='ltr'>eiursuper</span> <span class='ocrx_word' id='word_1_543' title='bbox 622 2420 706 2461; x_wconf 70' lang='lat' dir='ltr'>Agng.</span> <span class='ocrx_word' id='word_1_544' title='bbox 743 2407 777 2444; x_wconf 84' lang='grc' dir='ltr'><strong>Ν</strong></span> <span class='ocrx_word' id='word_1_545' title='bbox 783 2420 853 2446; x_wconf 88' lang='lat' dir='ltr'>unc</span> <span class='ocrx_word' id='word_1_546' title='bbox 862 2409 903 2446; x_wconf 91' lang='lat' dir='ltr'>de</span> <span class='ocrx_word' id='word_1_547' title='bbox 913 2419 1061 2445; x_wconf 87' lang='lat' dir='ltr'>externa</span> <span class='ocrx_word' id='word_1_548' title='bbox 1072 2406 1239 2445; x_wconf 86' lang='lat' dir='ltr'>felicitate</span> <span class='ocrx_word' id='word_1_549' title='bbox 1252 2406 1360 2445; x_wconf 83' lang='lat' dir='ltr'>verba</span> <span class='ocrx_word' id='word_1_550' title='bbox 1370 2405 1485 2446; x_wconf 81' lang='lat' dir='ltr'>facere</span> <span class='ocrx_word' id='word_1_551' title='bbox 1497 2410 1619 2461; x_wconf 83' lang='lat' dir='ltr'>incipit</span> <span class='ocrx_word' id='word_1_552' title='bbox 1633 2427 1640 2447; x_wconf 93' lang='lat'>·.</span> <span class='ocrx_word' id='word_1_553' title='bbox 1653 2424 1674 2460; x_wconf 89' lang='lat' dir='ltr'>q</span> <span class='ocrx_word' id='word_1_554' title='bbox 1682 2409 1757 2448; x_wconf 69' lang='lat' dir='ltr'>uod</span> <span class='ocrx_word' id='word_1_555' title='bbox 1766 2409 1900 2449; x_wconf 84' lang='lat' dir='ltr'>scilicet</span> 
     </span>
     <span class='ocr_line' id='line_1_44' title="bbox 81 2454 1904 2519; baseline 0 -15"><span class='ocrx_word' id='word_1_556' title='bbox 81 2456 249 2519; x_wconf 66' lang='lat' dir='ltr'>potentia</span> <span class='ocrx_word' id='word_1_557' title='bbox 259 2463 459 2510; x_wconf 76' lang='lat' dir='ltr'>florebit,&amp;</span> <span class='ocrx_word' id='word_1_558' title='bbox 471 2454 689 2510; x_wconf 69' lang='lat' dir='ltr'>fortitudine</span> <span class='ocrx_word' id='word_1_559' title='bbox 702 2455 833 2505; x_wconf 82' lang='lat' dir='ltr'>bellica</span> <span class='ocrx_word' id='word_1_560' title='bbox 845 2461 1042 2501; x_wconf 57' lang='lat' dir='ltr'>instructus</span> <span class='ocrx_word' id='word_1_561' title='bbox 1051 2464 1114 2500; x_wconf 86' lang='lat' dir='ltr'>erit</span> <span class='ocrx_word' id='word_1_562' title='bbox 1125 2461 1284 2516; x_wconf 85' lang='lat' dir='ltr'>populus</span> <span class='ocrx_word' id='word_1_563' title='bbox 1295 2461 1414 2507; x_wconf 81' lang='lat' dir='ltr'>Israel,</span> <span class='ocrx_word' id='word_1_564' title='bbox 1426 2464 1469 2502; x_wconf 88' lang='lat' dir='ltr'>ad</span> <span class='ocrx_word' id='word_1_565' title='bbox 1479 2462 1729 2516; x_wconf 80' lang='lat' dir='ltr'>prohibendas</span> <span class='ocrx_word' id='word_1_566' title='bbox 1739 2463 1904 2504; x_wconf 82' lang='lat' dir='ltr'>hostium</span> 
     </span>
    </p>
   </div>
   <div class='ocr_carea' id='block_1_5' title="bbox 81 2511 1908 2574">
    <p class='ocr_par' dir='ltr' id='par_1_7' title="bbox 81 2511 1908 2574">
     <span class='ocr_line' id='line_1_45' title="bbox 81 2511 1908 2574; baseline 0 -15"><span class='ocrx_word' id='word_1_567' title='bbox 81 2522 254 2572; x_wconf 32' lang='lat' dir='ltr'>iniuriasffi</span> <span class='ocrx_word' id='word_1_568' title='bbox 265 2520 401 2574; x_wconf 63' lang='lat' dir='ltr'>Neque</span> <span class='ocrx_word' id='word_1_569' title='bbox 411 2523 518 2567; x_wconf 79' lang='lat' dir='ltr'>enim</span> <span class='ocrx_word' id='word_1_570' title='bbox 530 2511 702 2557; x_wconf 84' lang='lat' dir='ltr'>sufficeret</span> <span class='ocrx_word' id='word_1_571' title='bbox 712 2517 859 2556; x_wconf 84' lang='lat' dir='ltr'>affluere</span> <span class='ocrx_word' id='word_1_572' title='bbox 870 2516 979 2556; x_wconf 81' lang='lat' dir='ltr'>bonis</span> <span class='ocrx_word' id='word_1_573' title='bbox 991 2517 1169 2557; x_wconf 87' lang='lat' dir='ltr'>omnibus</span> <span class='ocrx_word' id='word_1_574' title='bbox 1179 2547 1188 2562; x_wconf 94' lang='lat'><em>‚</em></span> <span class='ocrx_word' id='word_1_575' title='bbox 1201 2516 1268 2556; x_wconf 89' lang='lat' dir='ltr'>nisi</span> <span class='ocrx_word' id='word_1_576' title='bbox 1279 2519 1476 2557; x_wconf 65' lang='lat' dir='ltr'>coniuneia</span> <span class='ocrx_word' id='word_1_577' title='bbox 1497 2517 1574 2557; x_wconf 76' lang='lat' dir='ltr'>esset</span> <span class='ocrx_word' id='word_1_578' title='bbox 1587 2519 1761 2558; x_wconf 75' lang='lat' dir='ltr'>defensio.</span> <span class='ocrx_word' id='word_1_579' title='bbox 1783 2520 1908 2571; x_wconf 47' lang='lat' dir='ltr'>Minif</span> 
     </span>
    </p>
   </div>
   <div class='ocr_carea' id='block_1_6' title="bbox 83 2569 1900 2631">
    <p class='ocr_par' dir='ltr' id='par_1_8' title="bbox 83 2569 1900 2631">
     <span class='ocr_line' id='line_1_46' title="bbox 83 2569 1900 2631; baseline 0.001 -17"><span class='ocrx_word' id='word_1_580' title='bbox 83 2569 619 2631; x_wconf 39' lang='lat' dir='ltr'>{improbabile-commentum</span> <span class='ocrx_word' id='word_1_581' title='bbox 631 2572 682 2612; x_wconf 84' lang='lat' dir='ltr'>est</span> <span class='ocrx_word' id='word_1_582' title='bbox 693 2603 701 2618; x_wconf 96' lang='lat'>,</span> <span class='ocrx_word' id='word_1_583' title='bbox 714 2573 823 2611; x_wconf 87' lang='lat' dir='ltr'>verba</span> <span class='ocrx_word' id='word_1_584' title='bbox 843 2574 920 2611; x_wconf 84' lang='lat' dir='ltr'>fieri</span> <span class='ocrx_word' id='word_1_585' title='bbox 931 2572 976 2612; x_wconf 90' lang='lat' dir='ltr'>de</span> <span class='ocrx_word' id='word_1_586' title='bbox 989 2573 1091 2612; x_wconf 84' lang='lat' dir='ltr'>Saule</span> <span class='ocrx_word' id='word_1_587' title='bbox 1102 2602 1110 2617; x_wconf 96' lang='lat'>,</span> <span class='ocrx_word' id='word_1_588' title='bbox 1123 2576 1185 2626; x_wconf 89' lang='lat' dir='ltr'>qui</span> <span class='ocrx_word' id='word_1_589' title='bbox 1207 2576 1311 2626; x_wconf 86' lang='lat' dir='ltr'>Agag</span> <span class='ocrx_word' id='word_1_590' title='bbox 1323 2587 1451 2626; x_wconf 76' lang='lat' dir='ltr'>regem</span> <span class='ocrx_word' id='word_1_591' title='bbox 1465 2575 1755 2614; x_wconf 80' lang='lat' dir='ltr'>Amalecitariim</span> <span class='ocrx_word' id='word_1_592' title='bbox 1771 2573 1900 2629; x_wconf 68' lang='lat' dir='ltr'>p&#39;l’aelio</span> 
     </span>
    </p>
   </div>
   <div class='ocr_carea' id='block_1_7' title="bbox 1928 1031 2025 1072">
    <p class='ocr_par' dir='ltr' id='par_1_9' title="bbox 1928 1031 2025 1072">
     <span class='ocr_line' id='line_1_47' title="bbox 1928 1031 2025 1072; baseline 0 -10"><span class='ocrx_word' id='word_1_593' title='bbox 1928 1031 2025 1072; x_wconf 67' lang='lat' dir='ltr'>rslzL51.</span> 
     </span>
    </p>
   </div>
   <div class='ocr_carea' id='block_1_8' title="bbox 81 2627 1898 2684">
    <p class='ocr_par' dir='ltr' id='par_1_10' title="bbox 81 2627 1943 2684">
     <span class='ocr_line' id='line_1_48' title="bbox 81 2627 1898 2684; baseline -0.001 -14"><span class='ocrx_word' id='word_1_594' title='bbox 81 2634 225 2680; x_wconf 61' lang='lat' dir='ltr'>vidum</span> <span class='ocrx_word' id='word_1_595' title='bbox 234 2635 358 2684; x_wconf 74' lang='lat' dir='ltr'>cepit...</span> <span class='ocrx_word' id='word_1_596' title='bbox 368 2629 585 2682; x_wconf 17' lang='lat' dir='ltr'>‘Reffi&#39;teergol</span> <span class='ocrx_word' id='word_1_597' title='bbox 597 2630 755 2668; x_wconf 82' lang='lat' dir='ltr'>sentiunt</span> <span class='ocrx_word' id='word_1_598' title='bbox 765 2628 834 2672; x_wconf 84' lang='lat' dir='ltr'>alii,</span> <span class='ocrx_word' id='word_1_599' title='bbox 846 2642 1055 2667; x_wconf 88' lang='lat' dir='ltr'>commune</span> <span class='ocrx_word' id='word_1_600' title='bbox 1067 2627 1166 2667; x_wconf 74' lang='lat' dir='ltr'>fuisse</span> <span class='ocrx_word' id='word_1_601' title='bbox 1177 2642 1320 2667; x_wconf 84' lang='lat' dir='ltr'>nomen</span> <span class='ocrx_word' id='word_1_602' title='bbox 1342 2628 1444 2668; x_wconf 85' lang='lat' dir='ltr'>illius</span> <span class='ocrx_word' id='word_1_603' title='bbox 1452 2632 1570 2681; x_wconf 88' lang='lat' dir='ltr'>gentis</span> <span class='ocrx_word' id='word_1_604' title='bbox 1581 2631 1744 2683; x_wconf 82' lang='lat' dir='ltr'>regibus.</span> <span class='ocrx_word' id='word_1_605' title='bbox 1765 2634 1898 2670; x_wconf 86' lang='lat' dir='ltr'>Consi-</span> 
     </span>
    </p>
   </div>
   <div class='ocr_carea' id='block_1_9' title="bbox 79 2678 1899 3352">
    <p class='ocr_par' dir='ltr' id='par_1_11' title="bbox 79 2678 1899 3240">
     <span class='ocr_line' id='line_1_49' title="bbox 79 2678 1898 2738; baseline -0.001 -11"><span class='ocrx_word' id='word_1_606' title='bbox 79 2678 277 2738; x_wconf 74' lang='lat' dir='ltr'>siumergo</span> <span class='ocrx_word' id='word_1_607' title='bbox 294 2687 367 2737; x_wconf 76' lang='lat' dir='ltr'>Dei</span> <span class='ocrx_word' id='word_1_608' title='bbox 380 2687 447 2725; x_wconf 88' lang='lat' dir='ltr'>fuit</span> <span class='ocrx_word' id='word_1_609' title='bbox 463 2685 636 2738; x_wconf 68' lang='lat' dir='ltr'>praeserre</span> <span class='ocrx_word' id='word_1_610' title='bbox 649 2684 806 2723; x_wconf 61' lang='lat' dir='ltr'>cicerum</span> <span class='ocrx_word' id='word_1_611' title='bbox 827 2682 934 2722; x_wconf 90' lang='lat' dir='ltr'>suum</span> <span class='ocrx_word' id='word_1_612' title='bbox 949 2684 1134 2737; x_wconf 90' lang='lat' dir='ltr'>populum</span> <span class='ocrx_word' id='word_1_613' title='bbox 1163 2684 1383 2724; x_wconf 83' lang='lat' dir='ltr'>Amalecitis.</span> <span class='ocrx_word' id='word_1_614' title='bbox 1406 2685 1486 2724; x_wconf 90' lang='lat' dir='ltr'>Nec</span> <span class='ocrx_word' id='word_1_615' title='bbox 1498 2700 1639 2725; x_wconf 86' lang='lat' dir='ltr'>mirum</span> <span class='ocrx_word' id='word_1_616' title='bbox 1662 2687 1711 2725; x_wconf 88' lang='lat' dir='ltr'>est</span> <span class='ocrx_word' id='word_1_617' title='bbox 1730 2685 1798 2724; x_wconf 88' lang='lat' dir='ltr'>hos</span> <span class='ocrx_word' id='word_1_618' title='bbox 1816 2700 1898 2726; x_wconf 88' lang='lat' dir='ltr'>ma-</span> 
     </span>
     <span class='ocr_line' id='line_1_50' title="bbox 83 2730 1899 2794; baseline 0 -14"><span class='ocrx_word' id='word_1_619' title='bbox 83 2733 187 2787; x_wconf 58' lang='lat' dir='ltr'>{im}</span> <span class='ocrx_word' id='word_1_620' title='bbox 199 2730 451 2793; x_wconf 44' lang='lat' dir='ltr'>‚snssprtatncn</span> <span class='ocrx_word' id='word_1_621' title='bbox 469 2745 675 2790; x_wconf 77' lang='lat' dir='ltr'>committi:</span> <span class='ocrx_word' id='word_1_622' title='bbox 698 2753 778 2778; x_wconf 89' lang='lat' dir='ltr'>non</span> <span class='ocrx_word' id='word_1_623' title='bbox 799 2738 921 2778; x_wconf 72' lang='lat' dir='ltr'>solnm</span> <span class='ocrx_word' id='word_1_624' title='bbox 941 2745 1026 2793; x_wconf 88' lang='lat' dir='ltr'>quia</span> <span class='ocrx_word' id='word_1_625' title='bbox 1044 2746 1206 2793; x_wconf 85' lang='lat' dir='ltr'>perpetui</span> <span class='ocrx_word' id='word_1_626' title='bbox 1230 2741 1377 2779; x_wconf 85' lang='lat' dir='ltr'>fuerunt</span> <span class='ocrx_word' id='word_1_627' title='bbox 1395 2740 1515 2780; x_wconf 83' lang='lat' dir='ltr'>hostes</span> <span class='ocrx_word' id='word_1_628' title='bbox 1534 2741 1720 2785; x_wconf 88' lang='lat' dir='ltr'>Israelitis,</span> <span class='ocrx_word' id='word_1_629' title='bbox 1734 2741 1791 2779; x_wconf 87' lang='lat' dir='ltr'>sed</span> <span class='ocrx_word' id='word_1_630' title='bbox 1812 2745 1899 2794; x_wconf 87' lang='lat' dir='ltr'>quia</span> 
     </span>
     <span class='ocr_line' id='line_1_51' title="bbox 80 2790 1898 2850; baseline -0.001 -13"><span class='ocrx_word' id='word_1_631' title='bbox 80 2792 172 2846; x_wconf 73' lang='lat' dir='ltr'>tunc</span> <span class='ocrx_word' id='word_1_632' title='bbox 182 2790 428 2846; x_wconf 71' lang='lat' dir='ltr'>celeberrimae</span> <span class='ocrx_word' id='word_1_633' title='bbox 441 2809 543 2846; x_wconf 16' lang='lat' dir='ltr'>‘erant¹</span> <span class='ocrx_word' id='word_1_634' title='bbox 553 2809 688 2834; x_wconf 86' lang='lat' dir='ltr'>eorum</span> <span class='ocrx_word' id='word_1_635' title='bbox 700 2797 904 2847; x_wconf 78' lang='lat' dir='ltr'>opeszsicuti</span> <span class='ocrx_word' id='word_1_636' title='bbox 917 2795 1027 2848; x_wconf 85' lang='lat' dir='ltr'>paulo</span> <span class='ocrx_word' id='word_1_637' title='bbox 1039 2795 1118 2848; x_wconf 74' lang='lat' dir='ltr'>post</span> <span class='ocrx_word' id='word_1_638' title='bbox 1129 2795 1349 2835; x_wconf 75' lang='lat' dir='ltr'>videbimus.</span> <span class='ocrx_word' id='word_1_639' title='bbox 1362 2796 1599 2850; x_wconf 84' lang='lat' dir='ltr'>Principium</span> <span class='ocrx_word' id='word_1_640' title='bbox 1611 2799 1784 2835; x_wconf 89' lang='lat' dir='ltr'>Gentium</span> <span class='ocrx_word' id='word_1_641' title='bbox 1800 2800 1898 2836; x_wconf 88' lang='lat' dir='ltr'>Ama</span> 
     </span>
     <span class='ocr_line' id='line_1_52' title="bbox 81 2846 1896 2905; baseline -0.001 -12"><span class='ocrx_word' id='word_1_642' title='bbox 81 2847 150 2898; x_wconf 82' lang='lat' dir='ltr'>lec,</span> <span class='ocrx_word' id='word_1_643' title='bbox 162 2860 227 2895; x_wconf 87' lang='lat' dir='ltr'>&amp;c</span> <span class='ocrx_word' id='word_1_644' title='bbox 240 2854 306 2891; x_wconf 77' lang='lat' dir='ltr'>Etsi</span> <span class='ocrx_word' id='word_1_645' title='bbox 317 2846 441 2891; x_wconf 84' lang='lat' dir='ltr'>autem</span> <span class='ocrx_word' id='word_1_646' title='bbox 454 2847 571 2905; x_wconf 85' lang='lat' dir='ltr'>longo</span> <span class='ocrx_word' id='word_1_647' title='bbox 586 2851 665 2903; x_wconf 88' lang='lat' dir='ltr'>post</span> <span class='ocrx_word' id='word_1_648' title='bbox 678 2864 848 2903; x_wconf 82' lang='lat' dir='ltr'>tempore</span> <span class='ocrx_word' id='word_1_649' title='bbox 860 2852 898 2890; x_wconf 84' lang='lat' dir='ltr'>in</span> <span class='ocrx_word' id='word_1_650' title='bbox 910 2850 1040 2892; x_wconf 81' lang='lat' dir='ltr'>lsraele</span> <span class='ocrx_word' id='word_1_651' title='bbox 1056 2865 1172 2890; x_wconf 90' lang='lat' dir='ltr'>nemo</span> <span class='ocrx_word' id='word_1_652' title='bbox 1185 2857 1353 2903; x_wconf 83' lang='lat' dir='ltr'>regnauit</span> <span class='ocrx_word' id='word_1_653' title='bbox 1363 2881 1372 2896; x_wconf 93' lang='lat'><em>‚</em></span> <span class='ocrx_word' id='word_1_654' title='bbox 1385 2866 1466 2890; x_wconf 90' lang='lat' dir='ltr'>non</span> <span class='ocrx_word' id='word_1_655' title='bbox 1487 2853 1685 2891; x_wconf 81' lang='lat' dir='ltr'>absurdum</span> <span class='ocrx_word' id='word_1_656' title='bbox 1709 2851 1896 2891; x_wconf 84' lang='lat' dir='ltr'>esttamen</span> 
     </span>
     <span class='ocr_line' id='line_1_53' title="bbox 83 2905 1896 2961; baseline 0 -14"><span class='ocrx_word' id='word_1_657' title='bbox 83 2911 182 2961; x_wconf 65' lang='lat' dir='ltr'>regis</span> <span class='ocrx_word' id='word_1_658' title='bbox 200 2913 354 2961; x_wconf 70' lang='lat' dir='ltr'>&amp;regni</span> <span class='ocrx_word' id='word_1_659' title='bbox 374 2921 532 2946; x_wconf 88' lang='lat' dir='ltr'>nomine</span> <span class='ocrx_word' id='word_1_660' title='bbox 543 2906 736 2960; x_wconf 89' lang='lat' dir='ltr'>publicum</span> <span class='ocrx_word' id='word_1_661' title='bbox 756 2906 893 2945; x_wconf 82' lang='lat' dir='ltr'>statum</span> <span class='ocrx_word' id='word_1_662' title='bbox 913 2905 1092 2958; x_wconf 85' lang='lat' dir='ltr'>designari</span> <span class='ocrx_word' id='word_1_663' title='bbox 1114 2923 1122 2945; x_wconf 77' lang='lat' dir='ltr'><strong><em>z</em></strong></span> <span class='ocrx_word' id='word_1_664' title='bbox 1144 2908 1342 2960; x_wconf 77' lang='lat' dir='ltr'>pra-sertim</span> <span class='ocrx_word' id='word_1_665' title='bbox 1366 2913 1452 2961; x_wconf 84' lang='lat' dir='ltr'>quia</span> <span class='ocrx_word' id='word_1_666' title='bbox 1471 2910 1572 2947; x_wconf 84' lang='lat' dir='ltr'>Deus</span> <span class='ocrx_word' id='word_1_667' title='bbox 1593 2907 1747 2946; x_wconf 85' lang='lat' dir='ltr'>solidam</span> <span class='ocrx_word' id='word_1_668' title='bbox 1770 2916 1896 2959; x_wconf 84' lang='lat' dir='ltr'>gratiae</span> 
     </span>
     <span class='ocr_line' id='line_1_54' title="bbox 80 2951 1894 3017; baseline 0 -15"><span class='ocrx_word' id='word_1_669' title='bbox 80 2955 152 3003; x_wconf 67' lang='lat' dir='ltr'>suae</span> <span class='ocrx_word' id='word_1_670' title='bbox 165 2951 430 3017; x_wconf 61' lang='lat' dir='ltr'>perfodiionem</span> <span class='ocrx_word' id='word_1_671' title='bbox 451 2969 488 3001; x_wconf 92' lang='lat' dir='ltr'>in</span> <span class='ocrx_word' id='word_1_672' title='bbox 506 2976 657 3016; x_wconf 70' lang='lat' dir='ltr'>teinpus</span> <span class='ocrx_word' id='word_1_673' title='bbox 678 2963 789 3013; x_wconf 86' lang='lat' dir='ltr'>Vsque</span> <span class='ocrx_word' id='word_1_674' title='bbox 799 2964 899 3015; x_wconf 88' lang='lat' dir='ltr'>regni</span> <span class='ocrx_word' id='word_1_675' title='bbox 913 2961 1110 3003; x_wconf 83' lang='lat' dir='ltr'>distulerat.</span> <span class='ocrx_word' id='word_1_676' title='bbox 1129 2962 1339 3017; x_wconf 81' lang='lat' dir='ltr'>Qarehoc</span> <span class='ocrx_word' id='word_1_677' title='bbox 1358 2968 1536 3002; x_wconf 82' lang='lat' dir='ltr'>vaticinio</span> <span class='ocrx_word' id='word_1_678' title='bbox 1549 2963 1697 3002; x_wconf 84' lang='lat' dir='ltr'>Balaam</span> <span class='ocrx_word' id='word_1_679' title='bbox 1710 2993 1718 3007; x_wconf 96' lang='lat'>‚</span> <span class='ocrx_word' id='word_1_680' title='bbox 1735 2969 1894 3016; x_wconf 84' lang='lat' dir='ltr'>quanui&#39;s</span> 
     </span>
     <span class='ocr_line' id='line_1_55' title="bbox 80 3017 1896 3073; baseline 0 -15"><span class='ocrx_word' id='word_1_681' title='bbox 80 3018 453 3073; x_wconf 60' lang='lat' dir='ltr'>nihiltalecogjaans,</span> <span class='ocrx_word' id='word_1_682' title='bbox 467 3031 615 3071; x_wconf 83' lang='lat' dir='ltr'>tempus</span> <span class='ocrx_word' id='word_1_683' title='bbox 630 3017 782 3063; x_wconf 83' lang='lat' dir='ltr'>Dauidis</span> <span class='ocrx_word' id='word_1_684' title='bbox 802 3017 1020 3070; x_wconf 81' lang='lat' dir='ltr'>complexus</span> <span class='ocrx_word' id='word_1_685' title='bbox 1038 3017 1097 3056; x_wconf 89' lang='lat' dir='ltr'>est.</span> <span class='ocrx_word' id='word_1_686' title='bbox 1123 3019 1231 3057; x_wconf 88' lang='lat' dir='ltr'>Vnde</span> <span class='ocrx_word' id='word_1_687' title='bbox 1241 3020 1406 3073; x_wconf 86' lang='lat' dir='ltr'>sequitur</span> <span class='ocrx_word' id='word_1_688' title='bbox 1425 3020 1566 3070; x_wconf 84' lang='lat' dir='ltr'>praedici</span> <span class='ocrx_word' id='word_1_689' title='bbox 1589 3031 1669 3069; x_wconf 82' lang='lat' dir='ltr'>quae</span> <span class='ocrx_word' id='word_1_690' title='bbox 1690 3021 1837 3056; x_wconf 86' lang='lat' dir='ltr'>nonnisi</span> <span class='ocrx_word' id='word_1_691' title='bbox 1855 3033 1896 3058; x_wconf 86' lang='lat' dir='ltr'>in</span> 
     </span>
     <span class='ocr_line' id='line_1_56' title="bbox 82 3066 1895 3128; baseline -0.001 -14"><span class='ocrx_word' id='word_1_692' title='bbox 82 3066 396 3128; x_wconf 42' lang='lat' dir='ltr'>Christoifuejrunt</span> <span class='ocrx_word' id='word_1_693' title='bbox 408 3074 606 3126; x_wconf 84' lang='lat' dir='ltr'>completa,</span> <span class='ocrx_word' id='word_1_694' title='bbox 620 3078 657 3112; x_wconf 89' lang='lat' dir='ltr'>in</span> <span class='ocrx_word' id='word_1_695' title='bbox 670 3088 745 3127; x_wconf 88' lang='lat' dir='ltr'>quo</span> <span class='ocrx_word' id='word_1_696' title='bbox 758 3072 910 3126; x_wconf 86' lang='lat' dir='ltr'>adoptio</span> <span class='ocrx_word' id='word_1_697' title='bbox 922 3073 1074 3112; x_wconf 84' lang='lat' dir='ltr'>fundata</span> <span class='ocrx_word' id='word_1_698' title='bbox 1087 3088 1175 3114; x_wconf 88' lang='lat' dir='ltr'>erat.</span> <span class='ocrx_word' id='word_1_699' title='bbox 1194 3076 1309 3126; x_wconf 81' lang='lat' dir='ltr'>Quod</span> <span class='ocrx_word' id='word_1_700' title='bbox 1318 3075 1482 3127; x_wconf 88' lang='lat' dir='ltr'>sequitur</span> <span class='ocrx_word' id='word_1_701' title='bbox 1493 3074 1577 3112; x_wconf 70' lang='lat' dir='ltr'>ante</span> <span class='ocrx_word' id='word_1_702' title='bbox 1593 3076 1793 3125; x_wconf 80' lang='lat' dir='ltr'>expositum</span> <span class='ocrx_word' id='word_1_703' title='bbox 1813 3075 1895 3119; x_wconf 85' lang='lat' dir='ltr'>fuit,</span> 
     </span>
     <span class='ocr_line' id='line_1_57' title="bbox 82 3119 1895 3183; baseline -0.001 -14"><span class='ocrx_word' id='word_1_704' title='bbox 82 3122 207 3169; x_wconf 72' lang='lat' dir='ltr'>Deum</span> <span class='ocrx_word' id='word_1_705' title='bbox 221 3119 547 3183; x_wconf 77' lang='lat' dir='ltr'>scilicetpopulum</span> <span class='ocrx_word' id='word_1_706' title='bbox 558 3130 668 3174; x_wconf 80' lang='lat' dir='ltr'>suurn</span> <span class='ocrx_word' id='word_1_707' title='bbox 680 3128 880 3174; x_wconf 88' lang='lat' dir='ltr'>liberando,</span> <span class='ocrx_word' id='word_1_708' title='bbox 894 3128 1015 3182; x_wconf 85' lang='lat' dir='ltr'>palam</span> <span class='ocrx_word' id='word_1_709' title='bbox 1031 3128 1146 3168; x_wconf 79' lang='lat' dir='ltr'>feciffe</span> <span class='ocrx_word' id='word_1_710' title='bbox 1158 3130 1190 3169; x_wconf 88' lang='lat' dir='ltr'>se</span> <span class='ocrx_word' id='word_1_711' title='bbox 1201 3131 1292 3170; x_wconf 86' lang='lat' dir='ltr'>velle</span> <span class='ocrx_word' id='word_1_712' title='bbox 1303 3128 1423 3183; x_wconf 85' lang='lat' dir='ltr'>ipsum</span> <span class='ocrx_word' id='word_1_713' title='bbox 1434 3142 1580 3168; x_wconf 88' lang='lat' dir='ltr'>manere</span> <span class='ocrx_word' id='word_1_714' title='bbox 1590 3128 1734 3168; x_wconf 86' lang='lat' dir='ltr'>saluum</span> <span class='ocrx_word' id='word_1_715' title='bbox 1747 3137 1779 3168; x_wconf 85' lang='lat'>&amp;</span> <span class='ocrx_word' id='word_1_716' title='bbox 1791 3132 1895 3168; x_wconf 86' lang='lat' dir='ltr'>inco-</span> 
     </span>
     <span class='ocr_line' id='line_1_58' title="bbox 81 3180 908 3240; baseline 0 -15"><span class='ocrx_word' id='word_1_717' title='bbox 81 3180 357 3239; x_wconf 74' lang='lat' dir='ltr'>lumem2idque</span> <span class='ocrx_word' id='word_1_718' title='bbox 369 3181 466 3239; x_wconf 81' lang='lat' dir='ltr'>posse</span> <span class='ocrx_word' id='word_1_719' title='bbox 477 3185 666 3240; x_wconf 71' lang='lat' dir='ltr'>praestare.-</span> <span class='ocrx_word' id='word_1_720' title='bbox 809 3229 812 3233; x_wconf 22' lang='grc' dir='ltr'><em>Α</em></span> <span class='ocrx_word' id='word_1_721' title='bbox 884 3218 886 3221; x_wconf 94' lang='grc'><em>.</em></span> <span class='ocrx_word' id='word_1_722' title='bbox 902 3224 908 3229; x_wconf 84' lang='grc'><em>,</em></span> 
     </span>
    </p>

    <p class='ocr_par' dir='ltr' id='par_1_12' title="bbox 80 3237 1887 3352">
     <span class='ocr_line' id='line_1_59' title="bbox 126 3237 1887 3295; baseline -0.002 -15"><span class='ocrx_word' id='word_1_723' title='bbox 126 3257 148 3295; x_wconf 84' lang='grc'>9</span> <span class='ocrx_word' id='word_1_724' title='bbox 196 3248 335 3295; x_wconf 66' lang='lat' dir='ltr'>Qisslusc</span> <span class='ocrx_word' id='word_1_725' title='bbox 342 3244 520 3281; x_wconf 66' lang='lat' dir='ltr'>benedixerit</span> <span class='ocrx_word' id='word_1_726' title='bbox 527 3244 586 3281; x_wconf 65' lang='lat' dir='ltr'>eil-i.</span> <span class='ocrx_word' id='word_1_727' title='bbox 614 3239 886 3291; x_wconf 74' lang='lat' dir='ltr'>Haecloquendi</span> <span class='ocrx_word' id='word_1_728' title='bbox 904 3237 1029 3281; x_wconf 82' lang='lat' dir='ltr'>forma</span> <span class='ocrx_word' id='word_1_729' title='bbox 1042 3243 1219 3295; x_wconf 82' lang='lat' dir='ltr'>significat</span> <span class='ocrx_word' id='word_1_730' title='bbox 1229 3241 1354 3291; x_wconf 84' lang='lat' dir='ltr'>ealege</span> <span class='ocrx_word' id='word_1_731' title='bbox 1364 3237 1522 3278; x_wconf 61' lang='lat' dir='ltr'>eleeiosa</span> <span class='ocrx_word' id='word_1_732' title='bbox 1533 3240 1621 3279; x_wconf 90' lang='lat' dir='ltr'>Deo</span> <span class='ocrx_word' id='word_1_733' title='bbox 1632 3239 1731 3278; x_wconf 68' lang='lat' dir='ltr'>fuisse</span> <span class='ocrx_word' id='word_1_734' title='bbox 1749 3238 1887 3277; x_wconf 86' lang='lat' dir='ltr'>Israeli-</span> 
     </span>
     <span class='ocr_line' id='line_1_60' title="bbox 80 3293 1886 3352; baseline -0.001 -14"><span class='ocrx_word' id='word_1_735' title='bbox 80 3312 133 3338; x_wconf 76' lang='lat' dir='ltr'>tas</span> <span class='ocrx_word' id='word_1_736' title='bbox 144 3328 154 3344; x_wconf 91' lang='lat'>,</span> <span class='ocrx_word' id='word_1_737' title='bbox 166 3312 205 3351; x_wconf 82' lang='lat' dir='ltr'>vt</span> <span class='ocrx_word' id='word_1_738' title='bbox 215 3299 277 3338; x_wconf 81' lang='lat' dir='ltr'>sibi</span> <span class='ocrx_word' id='word_1_739' title='bbox 288 3300 501 3352; x_wconf 80' lang='lat' dir='ltr'>impensum</span> <span class='ocrx_word' id='word_1_740' title='bbox 512 3295 639 3337; x_wconf 86' lang='lat' dir='ltr'>referat</span> <span class='ocrx_word' id='word_1_741' title='bbox 649 3295 829 3350; x_wconf 83' lang='lat' dir='ltr'>quicquid</span> <span class='ocrx_word' id='word_1_742' title='bbox 839 3295 906 3336; x_wconf 89' lang='lat' dir='ltr'>illis</span> <span class='ocrx_word' id='word_1_743' title='bbox 918 3297 976 3337; x_wconf 74' lang='lat' dir='ltr'>vel</span> <span class='ocrx_word' id='word_1_744' title='bbox 995 3299 1138 3337; x_wconf 75' lang='lat' dir='ltr'>iniuria:</span> <span class='ocrx_word' id='word_1_745' title='bbox 1157 3297 1301 3336; x_wconf 83' lang='lat' dir='ltr'>illatum</span> <span class='ocrx_word' id='word_1_746' title='bbox 1318 3294 1377 3335; x_wconf 85' lang='lat' dir='ltr'>vel</span> <span class='ocrx_word' id='word_1_747' title='bbox 1397 3293 1563 3336; x_wconf 86' lang='lat' dir='ltr'>beneficii</span> <span class='ocrx_word' id='word_1_748' title='bbox 1574 3295 1753 3335; x_wconf 82' lang='lat' dir='ltr'>collatum</span> <span class='ocrx_word' id='word_1_749' title='bbox 1763 3293 1886 3336; x_wconf 86' lang='lat' dir='ltr'>fuerit.</span> 
     </span>
    </p>
   </div>
  </div>
 </body>
</html>
