2238 3587
329 81 393 120 134
943 56 1396 99 COMMENT.

330 135 605 177 reuelationem.
622 134 795 183 Qanuis
807 127 967 168 clamitet
984 129 1177 168 Dominus
1186 141 1239 167 res
1250 127 1416 167 aduersas
1434 129 1495 166 irae
1509 127 1580 167 suae
1589 125 1733 179 flagella
1746 125 1814 165 esse
1823 157 1836 177 ,
1851 140 1965 166 tiemo
1977 126 2131 173 ferenti„
2189 121 2208 167 ’ᾗ

331 192 476 232 stultat:
492 191 576 242 quia
586 184 707 224 causas
717 197 840 238 prauis
851 184 1181 236 imaginationibus
1191 188 1305 222 carnis
1319 181 1449 221 nostrae
1459 182 1532 222 alio
1543 181 1806 223 transferimus.
1833 182 2057 221 admonitio
2070 197 2133 221 au-
2202 185 2209 196 ¹

332 261 411 286 tem
424 258 502 298 quae
512 253 685 279 euentum
697 239 962 293 praecedit,non
974 252 1025 279 ita
1034 252 1107 277 nos
1115 236 1497 291 torpere‚necfoi-tun5
1506 238 1564 277 vel
1575 237 1675 277 aliud
1686 239 1894 292 quodpiam
1908 239 2063 289 figmeni
2071 252 2138 277 um

330 303 450 341 diuini
463 298 586 336 iudicii
598 296 682 333 loco
694 299 892 347 imaginari
903 297 1049 348 patitur.
1068 294 1122 333 Ita
1134 294 1227 332 olim
1236 292 1369 333 necesse
1382 293 1454 332 fuit
1470 307 1510 332 vt
1520 293 1803 347 populum21icet
1813 292 1976 332 ferreum
1986 322 1996 338 ,
2007 294 2140 346 praedi-

332 358 475 395 &iones
487 353 606 404 magis
616 347 800 390 afficerent
817 351 933 405 quam
959 353 981 388 si
991 355 1065 389 iam
1086 352 1241 403 acceptis
1262 350 1374 402 plagis
1384 348 1527 388 fuissent
1538 350 1557 387 a
1579 347 1769 401 Prophetis
1779 347 1985 388 admoniti.
2011 351 2140 402 Qate

332 408 454 449 exiliis
465 408 577 445 etiam
587 406 803 458 generalem
824 405 986 458 regulam
1000 405 1144 444 sumere
1155 407 1333 443 conuenit
1344 433 1354 450 ‚
1367 418 1414 442 ne
1424 401 1590 457 profe&u
1601 416 1742 443 careant
1752 418 1831 457 qua*
1845 405 2013 457 quotidie
2023 407 2140 443 cerni-

329 477 415 505 mus
428 464 503 501 Dei
515 463 656 500 iudicia.
669 461 986 505 Sodomam,dum
998 460 1266 512 adhucintegra
1276 459 1324 499 est
1335 474 1345 504 ·,
1357 474 1395 499 ac
1407 459 1479 498 suis
1491 459 1628 498 deliciis
1641 459 1797 498 suauiter
1808 472 1914 498 vacat
1924 488 1934 503 ‚
1946 461 2141 498 Dominus

328 534 351 574 p
361 520 535 557 trituram
550 517 744 555 denuntiat
753 516 859 555 seruo
871 515 936 555 suo
952 516 1117 555 Abrahae.
1139 517 1236 554 Hinc
1248 521 1373 554 omnis
1385 515 1567 554 dubitatio
1579 516 1758 553 eximitur
1770 543 1779 558 ‚
1795 528 1878 553 non
1892 513 1970 553 casu
1982 513 2142 568 periisse,

331 573 391 613 sed
401 574 580 612 diuinitus
591 570 689 610 fuisse
700 571 890 612 afflictam.
912 572 1008 610 Hinc
1019 576 1130 610 etiam
1155 566 1270 609 causa'
1280 585 1359 625 quae
1369 571 1589 624 exprimitur
1599 599 1608 614 ‚
1622 569 1730 622 longe
1743 568 1925 609 efficacius
1934 569 2067 608 homin
2074 584 2140 608 um

327 630 476 669 animos
489 641 630 681 pungat
651 640 691 665 ac
702 626 862 665 stimulet
874 625 1011 665 necesse
1020 627 1079 665 est.
1096 626 1198 665 Idem
1214 627 1337 679 postea
1346 627 1392 665 de
1404 627 1481 665 aliis
1494 626 1723 664 statuendum
1733 658 1741 666 .
1767 638 1857 667 nam
1869 627 1929 664 etsi
1942 625 2052 665 nobis
2061 621 2143 680 'quae
2193 646 2196 649 >

327 684 490 724 fae‘turus
503 684 548 721 est
560 697 639 721 non
651 681 812 735 praedicit
826 682 1114 727 Dominus‚vult
1124 685 1223 721 tame
1233 696 1304 721 nos
1315 680 1482 721 oculatos
1494 680 1561 720 esse
1572 694 1728 733 operum
1740 679 1894 718 suorum
1905 680 2064 730 testes‚&
2076 695 2143 720 eo-

326 753 413 778 rum
425 737 546 778 causas
557 738 753 791 prudenter
768 739 991 789 expendere:
1005 751 1080 775 nori
1093 750 1217 776 autem
1228 733 1386 777 confuso
1398 740 1535 777 intuitu
1546 735 1887 782 hallucinari,sicuti
1899 736 2076 777 increduli
2087 739 2143 777 vi·

328 794 454 834 dendo
466 807 545 832 non
558 793 897 838 videntes‚illorum
912 793 1024 831 finem
1037 806 1265 846 peruertunt.
1290 798 1300 811 ⁹

360 866 400 904 ¹9
423 863 571 902 Propoerea
579 851 866 899 praedpiecfiliusuis.
888 848 1049 887 Secunda
1058 852 1151 894 ratio
1165 862 1228 887 cur
1239 847 1259 886 s
1256 851 1291 886 ui
1304 848 1443 887 consilii
1457 851 1671 902 participem
1688 848 1804 887 facere
1814 846 1904 886 velit
1915 847 2018 886 Deus
2029 845 2145 895 Abra·

329 904 419 945 ham
428 920 524 957 :quia
536 917 615 942 non
632 904 762 942 frustra
775 917 844 942 nec
863 903 1037 942 inutiliter
1047 906 1084 942 id
1096 904 1130 942 se
1141 900 1325 942 facturum
1339 904 1552 958 praeuideat.
1570 904 1732 957 Simplex
1744 917 1867 942 autem
1880 902 2001 941 sensus
2012 900 2071 947 est,
2081 902 2152 941 ad-

329 966 431 1001 mitti
456 958 648 999 Abraham
661 961 696 997 in
710 959 906 997 consilium
922 960 1013 1003 Dei,
1025 961 1109 1013 quia
1121 958 1274 998 fideliter
1295 959 1387 998 boni
1401 958 1676 1012 patriffamilifis
1696 957 1863 997 officium
1877 958 2037 997 facturus
2057 960 2148 996 sitin

330 1016 402 1055 suis
414 1015 593 1055 docendis.
629 1016 724 1052 Hinc
749 1013 963 1065 colligimus
982 1014 1172 1053 Abraham
1187 1016 1230 1053 de
1248 1015 1424 1054 Sodoma—
1436 1016 1577 1053 excidio
1592 1028 1669 1053 non
1681 1011 1745 1053 sua
1755 1013 1902 1053 tantum
1917 1015 2029 1053 vnius
2042 1012 2148 1052 causa

333 1073 526 1110 certiorem
540 1069 603 1109 effe
615 1072 752 1108 fidium
764 1098 773 1114 ‚
787 1068 894 1108 sedin
904 1072 1059 1121 gratiam
1069 1074 1213 1123 generis
1223 1069 1290 1110 sui.
1308 1072 1424 1122 Quod
1435 1071 1625 1121 diligenter
1635 1071 1844 1108 notandum
1858 1068 1908 1107 est
1919 1086 1929 1106 ι
1945 1068 2103 1122 perinde
2113 1083 2151 1107 e·

333 1132 417 1165 iiim
428 1126 525 1164 valet
536 1126 607 1163 haec
629 1122 805 1163 sententia
817 1126 883 1164 acsi
899 1127 1002 1165 Deus
1012 1127 1050 1162 in
1066 1124 1221 1164 Abrahae
1233 1123 1386 1178 persona
1395 1124 1559 1178 posteros
1580 1139 1712 1164 omnes
1725 1124 1977 1177 compellaret.
2001 1125 2042 1163 Et
2054 1123 2150 1163 certe

335 1196 415 1219 non
430 1181 513 1220 ideo
529 1176 627 1218 suam
640 1180 873 1218 voluntatem
887 1178 998 1218 nobis
1011 1181 1281 1233 Deusexponit
1304 1193 1343 1218 vt
1355 1179 1548 1218 nobiscum
1559 1183 1708 1219 intereat
1721 1186 1798 1218 eius
1809 1179 2052 1232 cognitio‚sed
2062 1191 2104 1217 vt
2115 1193 2150 1217 c-

334 1239 391 1275 ius
403 1236 506 1275 testes
518 1238 627 1273 simus
639 1235 683 1273 ad
700 1235 863 1288 posteros
875 1264 884 1280 ‚
898 1233 1027 1287 illique
1038 1234 1178 1274 anobis
1189 1248 1373 1288 acceptam
1386 1236 1427 1274 de
1437 1250 1555 1274 manu
1580 1235 1708 1288 (quod
1719 1239 1842 1278 aiunt)
1866 1248 1902 1272 in
1915 1248 2080 1274 manum
2088 1247 2151 1273 ne-

334 1291 486 1344 poribus
500 1292 654 1330 tradant.
676 1292 805 1345 Qare
822 1303 942 1343 patres
967 1290 1092 1330 iedulo
1112 1290 1326 1329 incumbere
1343 1291 1443 1329 decet
1472 1305 1510 1329 vt
1521 1293 1622 1341 quod
1642 1290 1850 1330 didicerunt
1867 1289 1887 1328 a
1907 1291 2086 1329 Domino
2106 1289 2151 1326 fi-

333 1346 391 1385 liis
404 1342 791 1386 suis'corrimuni'cent.
823 1346 863 1384 Iu
885 1346 986 1384 hunc
1003 1346 1163 1384 modum
1204 1347 1415 1400 ropaganda
1426 1347 1470 1384 est
1486 1345 1596 1386 nobis
1619 1348 1912 1390 Deiveritas‚ne
1925 1343 2151 1399 fibiquisque

332 1406 507 1455 priuatim
530 1401 682 1444 tanturn
697 1399 809 1453 sapiat
821 1429 831 1446 ,
842 1400 903 1440 sed
911 1401 970 1439 alii
984 1401 1074 1442 ahos
1091 1415 1158 1455 pro
1187 1416 1232 1440 ua
1253 1406 1445 1440 vocatione
1463 1408 1500 1440 &
1513 1401 1593 1439 fidei
1614 1400 1732 1439 modo
1753 1401 1941 1440 aedificent.
1963 1400 2041 1439 Nec
2065 1399 2154 1439 vero

333 1457 492 1495 dubium
509 1456 659 1508 estquin
671 1454 777 1494 craffa
795 1459 1007 1508 ignorantia
1026 1471 1106 1509 quae
1117 1458 1157 1494 in
1180 1456 1328 1500 mundo
1343 1469 1491 1510 regnat,
1502 1457 1590 1494 iusta
1600 1459 1638 1494 sit
1651 1460 1808 1507 ignauiae
1820 1454 2029 1494 hominum
2041 1455 2153 1497 vltio.

336 1512 440 1551 Nam
461 1525 575 1564 quum
590 1515 712 1550 maior
733 1524 815 1563 pars
824 1510 866 1549 ad
881 1511 1047 1550 oblatam
1069 1511 1212 1550 caelestis
1224 1513 1400 1549 docti-'mx
1418 1511 1540 1549 lucem
1553 1511 1682 1548 oculos
1700 1510 1866 1559 claudat,
1885 1510 2004 1563 plures
2025 1522 2153 1549 tamen

335 1580 419 1606 eam
442 1562 623 1605 suffocant
642 1595 651 1610 ,
675 1579 739 1605 nec
755 1567 1004 1604 transmittere
1021 1579 1149 1604 curant
1168 1568 1212 1604 ad
1232 1566 1327 1603 filios
1342 1597 1349 1605 .
1383 1566 1467 1603 Iure
1488 1579 1575 1616 ergo
1600 1567 1794 1603 Dominus
1805 1577 1844 1603 vt
1862 1577 2011 1618 poenam
2033 1564 2156 1604 sumat

330 1622 377 1661 de
400 1622 534 1661 mundi
561 1624 706 1674 pigritia
716 1651 728 1669 ,
741 1621 946 1674 pretiosum
968 1620 1076 1659 vei-bi
1097 1618 1150 1658 sui
1169 1619 1384 1659 thesaurum
1406 1619 1618 1661 submouet.
1654 1623 1706 1658 Ac
1727 1620 1892 1658 notanda
1910 1620 1958 1658 est
1975 1620 2156 1672 particula

331 1683 432 1730 Polis&
442 1707 450 1722 ‚
464 1691 536 1730 qua
549 1677 729 1716 docemur
740 1690 821 1714 non
840 1675 961 1714 modo
980 1689 1104 1714 curam
1117 1675 1332 1713 nostrorum
1355 1674 1567 1714 habendam
1580 1675 1646 1712 effe
1657 1675 1820 1727 quandiu
1834 1678 2001 1712 viuimus
2014 1703 2024 1719 ,
2038 1687 2076 1713 vt
2089 1687 2154 1713 eos

330 1746 506 1786 regamus
525 1734 621 1785 quasi
635 1734 674 1770 in
687 1733 786 1769 diem
798 1747 806 1768 ε
820 1729 881 1768 sed
891 1729 1052 1767 dandam
1065 1728 1131 1766 esse
1153 1741 1310 1780 operam
1333 1741 1373 1766 vt
1387 1729 1455 1766 Dei
1466 1733 1597 1767 veritas
1610 1757 1618 1772 ‚
1633 1743 1714 1779 quae
1729 1742 1862 1768 aeterna
1877 1729 1943 1773 est,
1957 1729 2036 1782 post
2049 1742 2154 1768 mor-

333 1800 408 1827 tem
425 1788 592 1825 nostrain
615 1789 718 1823 viuat
739 1798 778 1821 ac
788 1786 980 1836 vigeat:vt
993 1782 1102 1821 nobis
1113 1796 1275 1822 mortuis
1287 1781 1458 1835 superstes
1482 1797 1635 1822 maneat
1645 1783 1768 1822 sanffli
1779 1784 1929 1822 viuendi
1942 1787 2152 1824 nitidi-linc

332 1854 500 1896 praeterea
525 1839 740 1890 colligimus
752 1837 861 1875 Vtiles
870 1836 937 1875 effe
948 1837 1106 1890 cognitu
1117 1836 1284 1876 historias
1307 1852 1386 1891 quae
1412 1838 1458 1876 ad
1470 1840 1728 1877 incutiendum
1739 1851 1926 1878 terrorem
1938 1839 2078 1880 valent.
2099 1841 2156 1878 0-

335 1911 402 1952 pus
415 1897 516 1934 enim
539 1892 653 1932 habet
671 1894 789 1930 carnis
799 1891 932 1931 nostrae
954 1892 1123 1931 securitas
1141 1892 1282 1931 acribus
1292 1892 1449 1931 stimulis
1467 1893 1601 1947 quibus
1613 1908 1801 1947 pungatur
1810 1894 1854 1933 ad
1877 1896 1947 1933 Dei
1960 1888 2155 1934 timorem.

339 1957 462 2005 Atque
474 1949 542 1986 hoc
554 1947 731 1986 doetrinae
742 1960 859 1998 genus
883 1951 1016 1999 nequis
1030 1947 1178 1986 tantum
1190 1947 1234 1986 ad
1254 1960 1446 1986 extraneos
1466 1949 1621 2001 spediare
1639 1963 1743 2002 putet
1756 1979 1767 1998 ,
1791 1951 1985 1989 Dominus
2004 1950 2154 2004 proprie
2202 1951 2203 1954 ’
2236 1949 2238 1954 ’

337 2007 483 2046 distinat
505 2001 658 2041 Abrahae
672 2002 754 2040 filiis
765 2031 775 2046 ,
801 2001 872 2040 hoc
888 2004 939 2041 est
961 2003 1114 2042 Ecclesiae
1127 2002 1354 2044 domesticis.
1385 2003 1505 2043 Insulsi
1526 2006 1625 2042 enim
1649 2006 1728 2044 sunt
1738 2019 1777 2043 ac
1798 2008 1952 2058 peruersi
1973 2011 2156 2061 interpre-

338 2075 391 2102 tes
413 2063 475 2112 qui
502 2058 614 2097 fidem
635 2061 750 2095 euerti
763 2057 993 2096 contendunt
1021 2060 1041 2096 si
1054 2071 1260 2096 terreantur
1284 2059 1517 2098 conscicntia:
1533 2092 1540 2099 .
1571 2059 1670 2098 Nam
1685 2074 1803 2113 quum
1823 2060 1907 2098 fidei
1920 2055 2014 2099 nihil
2033 2066 2154 2115 magis

341 2120 571 2157 eontrarium
589 2116 626 2151 sit
647 2113 760 2164 qufim
772 2125 1013 2166 contemptus
1024 2119 1061 2151 8(
1084 2127 1215 2167 torpor
1229 2143 1240 2162 ,
1250 2113 1393 2167 optime
1407 2129 1491 2152 cum
1505 2127 1630 2166 gratiae
1644 2118 1906 2168 praedicatione
1919 2115 2103 2156 consentit
2115 2131 2157 2156 ea

340 2172 507 2215 do&riiia
520 2183 598 2223 quae
614 2167 789 2206 homines
799 2166 935 2222 subigit
946 2170 989 2207 ad
1001 2170 1070 2207 Dei
1084 2174 1317 2212 timorem,vt
1335 2168 1460 2208 affirm
1480 2176 1517 2209 8<
1530 2170 1690 2209 famelici
1705 2170 1750 2210 ad
1762 2170 1952 2209 Christum
1966 2169 2151 2212 festinent.

427 2230 608 2280 Etmflodiem
621 2242 697 2263 usam
708 2227 826 2263 iebouae.
874 2225 939 2262 His
953 2223 1077 2262 verbis
1088 2225 1263 2275 fignificat
1275 2223 1397 2262 Moses
1409 2239 1489 2263 non
1501 2225 1666 2264 modom
1677 2225 1778 2264 hunc
1791 2227 1906 2264 finem
1919 2231 2066 2279 poponi
2080 2228 2153 2266 Dei

341 2282 534 2325 iudicium,
547 2293 586 2317 vt
597 2279 835 2334 expauescant
845 2281 907 2333 qui
920 2279 982 2317 sibi
995 2293 1054 2327 per
1064 2278 1228 2317 socordia
1247 2279 1361 2331 placet
1371 2281 1409 2317 in
1420 2279 1490 2318 suis
1501 2284 1617 2325 vitiis,
1630 2294 1738 2332 atque
1755 2279 1828 2319 hoc
1839 2284 1956 2321 modo
1977 2282 2095 2320 coatffi
2106 2280 2156 2322 ad

342 2336 480 2377 Christi
499 2339 654 2388 gratiam
666 2333 852 2387 suspirent:
866 2334 922 2372 sed
933 2347 973 2372 vt
984 2333 1105 2373 fideles
1117 2334 1257 2387 ipsi,qui
1272 2339 1345 2373 iam
1359 2334 1497 2387 praediti
1509 2335 1593 2374 sunt
1605 2337 1676 2375 Dei
1686 2338 1836 2381 timore,
1849 2340 1970 2388 magis
1982 2351 2024 2376 ac
2033 2343 2156 2391 magis

341 2396 380 2431 in
395 2392 511 2430 studio
525 2393 664 2444 pietatis
675 2389 978 2443 proficiant.Vult
990 2391 1092 2447 enisti
1109 2391 1283 2428 Sodoma:
1294 2391 1446 2428 exitium
1461 2393 1607 2434 narrari,
1620 2405 1697 2429 non
1710 2391 1855 2437 tantum
1869 2405 1908 2430 vt
1919 2392 2076 2432 eiusdem
2089 2397 2156 2433 vin

341 2447 444 2486 dista·
460 2459 561 2486 metu
573 2459 623 2483 im
633 2452 681 2498 pii
692 2447 736 2484 ad
750 2447 877 2485 Deum
892 2443 1082 2495 trahantur
1093 2473 1102 2488 ,
1114 2443 1172 2483 sed
1184 2446 1291 2483 ctiam
1304 2457 1345 2482 vt
1357 2444 1488 2483 melius
1500 2445 1707 2484 formentur
1719 2449 1755 2484 iu
1769 2460 1854 2485 v-era
1867 2446 2079 2487 obedientia
2091 2449 2156 2502 qui

341 2509 417 2543 iam
433 2504 558 2542 Deum
573 2500 688 2540 colere
698 2513 897 2554 coeperunt.
917 2500 971 2539 lta
982 2499 1039 2537 lex
1051 2512 1128 2538 non
1141 2498 1286 2546 tantum
1300 2499 1345 2539 ad
1364 2501 1515 2539 initium
1528 2499 1774 2553 resipiscentiae
1786 2502 1882 2540 valet
1892 2530 1901 2546 ,
1914 2501 1972 2541 sed
1983 2516 2095 2542 etiam
2107 2501 2157 2543 ad

342 2562 544 2597 continuos
555 2555 904 2610 progreffus.Quni
916 2554 1016 2595 addit
1026 2554 1153 2594 Moses
1162 2584 1171 2600 ‚
1205 2568 1242 2600 γε
1254 2560 1498 2610 fiuiamz‘usimam
1508 2559 1701 2600 (diudicium,
1726 2555 1884 2595 breuiter
1895 2557 2054 2597 ostendit
2063 2572 2156 2610 qua-

341 2614 385 2652 lis
396 2616 433 2652 sit
442 2616 500 2651 via
521 2614 678 2651 Domini
693 2615 796 2650 cuius
817 2614 1051 2650 mentionem
1076 2609 1205 2657 fecerat
1217 2625 1450 2666 :quanquam
1464 2625 1540 2651 non
1556 2611 1661 2664 plena
1672 2610 1722 2651 est
1741 2611 1911 2652 definitio
1923 2628 1932 2650 t
1943 2611 2060 2652 sedab
2072 2611 2155 2652 off-

340 2671 406 2707 ciis
418 2666 580 2708 secundae
591 2665 721 2706 tabulae
731 2680 794 2721 per
805 2664 1053 2718 synecdochen
1067 2664 1224 2705 breuiter
1237 2666 1395 2706 ostendit
1405 2669 1494 2719 quid
1504 2666 1664 2720 potissim
1673 2671 1692 2705 [i
1705 2666 1724 2704 a
1736 2666 1849 2705 nobis
1859 2672 2021 2719 requirat
2034 2670 2150 2710 Deus.

344 2723 476 2775 Neque
490 2724 525 2763 id
537 2724 611 2762 Scri
616 2734 731 2774 pturae
744 2724 781 2760 in
788 2721 906 2760 soleris
917 2720 978 2763 cst,
1009 2724 1052 2760 iae
1067 2722 1244 2774 reeraeque
1254 2723 1336 2763 vitae
1348 2721 1592 2772 descriptione
1606 2736 1721 2775 petere
1732 2734 1774 2759 ex
1784 2720 1936 2762 secunda
1950 2724 2054 2775 Legis
2062 2723 2154 2763 tabu

342 2778 410 2818 lan
417 2793 466 2817 on
478 2777 578 2830 quod
589 2777 703 2832 pluris
715 2779 752 2816 sit
764 2775 920 2816 charitas
931 2789 1044 2831 quam
1058 2777 1127 2815 Dei
1138 2776 1257 2816 cultus
1268 2793 1277 2815 ε
1289 2776 1348 2817 sed
1359 2782 1445 2832 quia
1454 2778 1555 2826 suam
1569 2791 1652 2829 erga
1666 2780 1791 2817 Deum
1805 2781 1976 2830 pietatem
1990 2779 2154 2831 probant

343 2838 405 2887 qui
418 2834 512 2873 redi&
526 2839 561 2873 ὃ(
575 2831 725 2872 innoxie
738 2835 874 2871 viuunt
884 2845 970 2871 cum
984 2831 1055 2870 suis
1066 2833 1452 2884 proximis.lustitiae&
1466 2832 1590 2883 iudicii
1603 2831 1825 2871 nominibus
1838 2836 2049 2886 :equitatem
2062 2847 2152 2873 com

345 2889 603 2941 ple&itut‚qua
614 2887 790 2927 tribuitur
802 2891 935 2939 cuique
950 2886 1052 2939 quod
1066 2886 1130 2925 (αὖ
1141 2887 1241 2928 est.Si
1253 2887 1470 2942 distinguere
1481 2888 1609 2942 placet,
1625 2887 1761 2926 lustitia
1773 2891 1923 2942 proprie
1934 2901 2086 2927 vocatur
2096 2902 2152 2928 re-

343 2945 483 2983 &itudo
503 2950 542 2984 δε
554 2943 784 2988 humanitas,
796 2945 871 2994 qua
879 2943 1040 2982 colimus
1050 2956 1139 2980 cum
1150 2941 1327 2982 fratribus
1339 2945 1471 2982 nostris
1490 2945 1580 2983 dum
1595 2943 1781 2982 studemus
1792 2942 1972 2983 omnibus
1984 2942 2107 2983 benefa
2115 2959 2154 2984 ce

345 3009 382 3035 re
394 3014 402 3035 :
412 2998 456 3036 ab
469 3013 575 3039 omni
593 3011 714 3039 autem
727 2997 967 3044 noxa‚fraude
978 3003 1015 3036 δε
1025 2999 1063 3035 vi
1074 2997 1495 3038 abstinemus.1udicium
1507 2999 1592 3037 vero
1602 2998 1649 3036 est
1660 3029 1668 3043 ,
1680 2999 1822 3037 miseris
1834 3005 1871 3037 &
1885 2997 2057 3052 oppressis
2072 3013 2152 3047 ma-

345 3063 439 3090 num
451 3059 649 3106 porrigere,
661 3056 753 3092 tueri
765 3053 882 3093 bonas
891 3053 1022 3097 causas,
1037 3052 1120 3091 dare
1132 3066 1340 3105 operamne
1349 3054 1486 3093 debiles
1498 3053 1626 3093 iniuste
1638 3053 1828 3093 laedantur.
1847 3055 1932 3093 Haec
1940 3053 2024 3093 sunt
2035 3054 2153 3106 legiti-

347 3119 410 3144 ma
431 3112 614 3154 exercitia,
626 3109 760 3161 quibus
779 3108 863 3148 suos
873 3111 1045 3162 occupari
1069 3109 1260 3147 Dominus
1273 3109 1385 3150 iubet.
1458 3115 1691 3163 vtueru'refimac
1703 3123 1834 3149 nonanus
1837 3112 2068 3161 siapemlarabam
2079 3112 2155 3159 quod

344 3163 472 3212 loquutur
481 3165 607 3214 estficper
617 3183 690 3204 em.
747 3164 938 3216 Significat
956 3161 1077 3203 Moses
1086 3176 1304 3216 compotem
1318 3164 1500 3217 promissa·
1511 3165 1574 3204 sibi
1585 3179 1708 3217 gratiae
1718 3167 1800 3204 fore
1812 3164 1999 3205 Abraham
2010 3194 2020 3211 ‚
2032 3167 2055 3203 fi
2067 3163 2151 3203 suos

348 3217 490 3257 erudiat
503 3222 542 3255 in
555 3223 692 3257 timore
703 3219 1116 3269 Domini,d0mt3mquc
1125 3220 1228 3257 suam
1240 3218 1356 3272 probe
1367 3219 1609 3271 gubernetAt
1619 3221 1684 3261 sub
1696 3235 1804 3260 vuius
1814 3219 1985 3262 hominis
1997 3219 2152 3274 persona

348 3276 567 3313 communis
579 3272 757 3313 omnibus
769 3278 837 3327 piis
851 3275 976 3328 regula
986 3274 1151 3316 traditur.
1171 3289 1262 3314 nam
1276 3274 1464 3329 quihacin
1474 3289 1572 3330 parte
1581 3289 1727 3331 torpent
1737 3306 1747 3322 ,
1759 3276 1937 3316 abiiciunt
1947 3305 1957 3322 ‚
1968 3287 2151 3330 quantum
