2238 3587
299 112 362 166 386
760 103 1769 146 OCTAVVMPRAECEPTVM.

110 1030 311 1070 1mm.34.h.11.

113 1723 276 1763 1·Cor.9.b.7.

330 195 482 222 vxorern
493 179 640 222 seruam,
652 184 684 216 &
693 177 848 228 genuerit
857 173 987 214 liberos
999 202 1009 220 ,
1017 187 1058 214 vt
1067 186 1238 212 maneant
1246 174 1338 224 apud
1347 172 1477 211 herum
1486 201 1496 218 ‚
1506 171 1597 212 solus
1608 186 1726 213 autem
1738 169 1805 226 ipse
1815 170 1904 219 liber
1913 177 1974 216 fiat
1983 207 1990 216 .
2000 179 2106 219 Vnde

332 249 470 290 apparet
479 234 588 287 quarn
597 234 683 271 dura
693 231 794 270 fuerit
803 229 927 270 seruilis
938 231 1097 269 conditio
1107 258 1118 275 ,
1127 243 1202 281 quae
1212 231 1278 267 sine
1290 231 1457 281 prodigio
1471 234 1660 280 temperari
1669 244 1744 268 non
1753 232 1866 280 potuit
1873 258 1884 269 .
1894 231 1998 279 ΝὶῙιὶΙ
2007 239 2104 275 enim

333 297 447 344 magis
457 302 577 341 praeter
586 301 764 331 naturam,
774 285 884 338 quarn
894 298 933 325 vt
944 284 1221 330 maritus‚reli&a
1233 291 1389 329 vxore,&
1400 283 1518 323 liberis
1527 283 1753 332 abieffls‚alio
1763 288 1901 337 migret.
1914 291 2020 338 Atqui
2028 303 2103 330 non

333 348 428 386 aliter
438 344 523 383 solui
536 347 649 394 potuit
661 342 846 381 vinculum
858 339 1148 393 struitutis,quam
1159 342 1327 384 diuortio,
1337 338 1408 378 hoc
1417 340 1463 379 est
1473 344 1584 392 impia
1594 344 1748 393 coniugii
1757 340 1961 379 violatione.
1971 343 2045 380 Fuit
2054 358 2107 383 er-

331 405 425 454 goin
435 399 503 437 hac
512 398 702 436 diuulfione
711 393 810 437 foeda
821 399 984 449 quaedam
996 395 1173 436 barbaries
1182 424 1192 440 ‚
1201 408 1313 446 quum
1324 399 1380 434 vir
1391 394 1413 433 ὲ
1423 396 1573 434 dimidia
1583 398 1631 434 sui
1648 409 1744 448 parte
1766 399 1954 448 &propriis
1971 397 2108 437 visceri-

334 458 397 495 bus
409 455 577 505 separatus
589 453 725 492 estznec
733 457 846 505 potuit
859 452 952 491 aliud
961 450 1022 491 esse
1035 453 1232 491 remedium
1246 480 1254 488 .
1264 452 1392 504 Qafi
1404 465 1497 490 vxor
1514 464 1598 489 cum
1618 450 1735 490 liberis
1754 449 1863 490 fuisset
1882 451 2108 498 manumissa,

333 525 391 550 eos
402 510 517 548 secum
528 511 680 554 educere,
690 507 797 547 fuisset
806 507 952 559 spoliare
963 506 1091 546 iustum
1101 509 1294 546 dominum
1304 535 1316 551 ,
1324 520 1399 544 non
1409 506 1526 545 mod&
1540 506 1667 545 ancilla
1675 521 1749 560 quae
1757 519 1829 545 erat
1838 510 1875 545 in
1888 511 1957 546 eius
1969 512 2106 546 manci-

330 565 458 618 pio‚scd
468 568 574 603 etiam
584 571 708 603 teneris
721 563 837 602 adhuc
847 561 1018 615 puelliS,in
1027 576 1183 615 quorum
1192 562 1440 600 educationem
1452 561 1608 614 sumptus
1617 560 1810 601 fecerat.1ta
1820 565 1886 600 iuri
1892 567 2030 613 priuato
2042 565 2108 602 cesl

329 625 365 659 sit
377 624 532 672 coniugii
548 618 705 659 sanffltas
723 618 791 657 hac
805 622 842 657 in
857 618 1084 670 parte.Vnde
1102 617 1173 655 hoc
1183 621 1312 656 vitium
1329 622 1419 656 inter
1431 617 1498 656 alia
1517 619 1782 656 numerandum
1795 617 1841 655 est
1857 631 1932 669 quae
1944 618 2108 659 tolerauit

329 677 425 715 Deus
436 674 484 714 ob
497 676 620 728 populi
631 676 795 714 duritiem
807 703 817 719 ,
827 677 908 726 quia
917 679 977 712 vix
988 677 1116 726 corrigi
1125 686 1262 724 poterat
1271 688 1280 710 ι
1289 675 1387 725 siquis
1397 686 1520 711 tamen
1530 673 1623 712 casto
1634 686 1760 711 amore
1769 685 1920 711 retentus
1928 701 1938 718 ‚
1948 674 2058 713 nollet
2067 689 2109 714 v·

330 746 459 770 xorem
476 732 610 784 eit'isque
628 728 734 770 foetus
754 728 922 773 deserere,
934 730 1134 767 remedium
1151 728 1311 766 additum
1323 729 1369 766 est
1380 757 1390 774 ‚
1401 742 1440 767 vt
1449 728 1479 766 se
1488 730 1626 780 quoque
1643 733 1680 766 in
1692 729 1891 767 seruitutem
1903 742 2109 781 perpetuam

331 787 514 825 addiceret.
525 788 657 825 Forma
667 790 702 824 in
713 785 838 824 Exodo
849 783 973 822 clarius
982 782 1092 836 quAm
1105 788 1139 822 in
1151 784 1441 823 Deuteronomio
1451 784 1639 836 explicatur
1650 798 1755 822 :nam
1767 788 1803 821 in
1814 782 1887 822 hoc
1895 782 2046 824 secundo
2055 785 2109 825 lo-

331 856 374 880 co
384 841 525 880 tantum
538 842 672 885 dicitur,
682 854 721 879 vt
731 841 901 878 dominus
912 840 957 879 ad
967 839 1101 879 seruum
1113 838 1278 890 perpetuo
1289 840 1546 883 vindicandum
1556 868 1566 884 ‚
1579 853 1701 878 aurem
1712 842 1781 877 eius
1793 837 1956 890 perforet.
1965 841 2008 879 In
2017 843 2112 880 Exo-

329 898 377 936 do
391 902 510 936 autem
530 897 666 935 additur
681 894 926 934 circunstantia
936 924 947 940 ‚
957 898 1211 941 vtinterueniat
1227 893 1367 946 publica
1379 899 1538 947 cognitio
1550 909 1653 934 :nam
1666 897 1689 933 fi
1698 898 1865 947 priuatim
1885 893 2025 948 quisque
2041 900 2112 935 eius

329 956 377 990 rci
390 950 496 997 fuisset
505 950 796 995 arbiter‚diuitum
807 952 894 989 aedes
904 952 1111 990 carnificinae
1123 948 1257 989 fuissent
1268 952 1313 989 ad
1323 949 1471 989 miseros
1480 951 1596 989 seruos
1606 951 2005 1003 torquendosLegimus
2018 952 2111 1003 apud
2145 996 2147 999 ,
2182 973 2190 975 >

332 1008 523 1046 Ieremiam
533 1037 542 1052 ‚
553 1006 625 1045 hac·
635 1007 710 1059 lege
728 1019 935 1057 contempta
945 1035 956 1052 ‚
965 1007 1100 1045 Iudaeos
1116 1019 1238 1058 praeter
1251 1010 1300 1044 ius
1312 1012 1343 1044 &
1356 1004 1407 1044 sas
1419 1006 1628 1045 dominatos
1640 1005 1805 1058 perpetuo
1814 1004 1908 1044 fuisse
1924 1009 2027 1046 seruis
2036 1006 2111 1046 suis.

330 1062 414 1101 Imo
422 1078 534 1115 quum
543 1066 692 1114 grauiter
700 1059 760 1100 sub
772 1060 949 1100 Zedechia
957 1065 1115 1113 increpiti
1126 1061 1260 1100 fuissent
1268 1091 1278 1106 ,
1287 1068 1318 1100 &
1327 1063 1508 1114 deintegro
1521 1061 1748 1114 promulgata
1758 1060 1897 1100 libertas
1908 1062 2043 1107 ,statim
2056 1076 2113 1115 ty-

330 1123 474 1156 rannice
485 1116 672 1169 subiugum
684 1119 821 1155 retraeti
830 1115 907 1154 sunt
915 1114 1032 1155 miseri
1043 1116 1210 1155 homines
1219 1146 1229 1162 ‚
1241 1120 1304 1155 acsi
1318 1131 1377 1168 per
1389 1114 1583 1156 ludibrium
1593 1116 1727 1155 fuissent
1736 1117 1939 1165 manumissi
1951 1149 1958 1156 .
1971 1119 2113 1157 Cauen»

330 1174 419 1212 dum
429 1187 513 1225 ergo
531 1167 596 1210 fuit
615 1186 658 1210 ne
670 1171 815 1210 occultis
827 1176 1016 1210 tormentis
1028 1175 1161 1210 inuitos
1170 1173 1216 1210 ad
1228 1171 1436 1211 obeundam
1445 1171 1645 1211 seruitutem
1653 1172 1849 1223 adigerent:
1861 1176 1954 1211 cuius
1964 1173 2051 1212 mali
2061 1188 2112 1213 re-

331 1229 497 1267 medium
507 1227 590 1272 fuit,
600 1225 709 1265 libera
720 1228 812 1278 apud
820 1228 947 1266 iudices
957 1225 1126 1266 confessio
1136 1243 1144 1265 z
1154 1232 1243 1266 auris
1254 1241 1371 1267 autem
1380 1226 1545 1279 perfossio
1554 1228 1725 1280 stigmatis
1738 1226 1845 1265 instar
1855 1225 1921 1266 fuit
1929 1257 1937 1265 .
1945 1228 2048 1268 Nam
2059 1231 2114 1267 O-

330 1281 618 1327 rientales,seruos
632 1282 688 1321 vel
698 1281 877 1334 fugitiuos,
887 1282 943 1320 vel
953 1296 1109 1334 nequam
1121 1289 1152 1321 &
1163 1282 1356 1328 sceleratos,
1370 1284 1425 1322 vel
1437 1287 1495 1336 qui
1505 1282 1623 1335 aliquo
1633 1283 1750 1321 modo
1760 1278 1896 1332 suspeeti
1908 1295 2019 1328 erant,
2027 1283 2115 1322 sole-

330 1337 417 1377 bant
429 1336 648 1389 stigmatibus
659 1350 801 1376 notare:
812 1336 906 1379 hanc
916 1340 1125 1390 ignominiae
1141 1351 1270 1378 notam
1290 1339 1406 1378 noluit
1423 1339 1519 1377 Deus
1540 1337 1683 1377 suorum
1702 1334 1880 1376 frontibus
1897 1341 1989 1377 inuri
2000 1341 2116 1391 :siquis

330 1407 453 1433 tamen
463 1394 583 1444 sponte
595 1397 632 1431 in
641 1407 846 1445 perpetuam
858 1393 1057 1432 seruitutem
1068 1392 1284 1433 consenserat
1294 1424 1303 1441 ‚
1313 1409 1396 1434 eum
1406 1394 1521 1434 voluit
1530 1391 1760 1446 obligationis
1779 1392 1844 1431 suae
1853 1392 2067 1445 symbolum
2077 1398 2116 1433 in

331 1462 412 1488 aure
419 1448 773 1501 gestare.Tenendum
785 1462 908 1488 tamen
917 1448 1071 1494 est,hanc
1081 1464 1220 1502 quoque
1230 1453 1592 1501 seruitutem(quanu1s
1603 1451 1738 1488 dicatur
1747 1451 1785 1488 in
1793 1447 1959 1489 saeculum
1971 1450 2113 1493 durare)

331 1506 471 1543 finitam
480 1502 574 1542 fuisse
581 1510 618 1542 in
630 1502 860 1557 Iubileozquia
870 1518 954 1543 tunc
965 1518 1134 1544 renouata
1147 1503 1212 1545 fuit
1221 1519 1318 1545 terrae
1327 1513 1359 1546 ὅ(
1367 1506 1568 1545 hominum
1579 1505 1751 1544 conditio.

374 1560 567 1598 Deuteron.
580 1574 621 1609 ις.
670 1574 700 1611 13
748 1572 779 1598 ετ
790 1577 876 1613 quum
884 1563 1009 1600 dimittes
1017 1577 1079 1600 eum
1087 1562 1212 1600 liberum.
1258 1561 1326 1601 Hic
1335 1560 1422 1602 vero
1431 1575 1507 1599 non
1517 1559 1657 1600 tantum
1668 1559 1899 1600 manumissio
1908 1563 2115 1614 iniungitur,
2136 1574 2138 1576 ’

333 1613 390 1655 sed
401 1615 600 1654 exhortatio
612 1630 750 1668 quoque
762 1617 894 1656 accedit
905 1618 950 1655 ad
958 1615 1227 1662 liberalitatem,
1238 1630 1277 1657 vt
1286 1617 1401 1657 seruos
1410 1630 1488 1658 non
1497 1618 1565 1655 fine
1574 1617 1736 1655 mercede
1746 1618 1946 1655 dimittant:
1957 1630 2070 1669 neque
2082 1631 2116 1655 e-

333 1675 412 1710 nim
425 1670 480 1709 lex
491 1671 537 1709 est
546 1672 690 1710 forensis
700 1686 774 1724 quae
787 1685 991 1725 extorqueat
1003 1671 1049 1712 ab
1059 1677 1170 1712 auaris
1187 1671 1373 1726 plusquam
1382 1674 1467 1712 dare⁴
1477 1672 1587 1712 velint
1598 1702 1606 1710 .
1615 1675 1729 1724 Atque
1740 1671 1800 1711 hic
1807 1672 1902 1712 valet
1910 1671 2009 1711 Pauli
2016 1685 2118 1725 regu-

333 1725 366 1765 la
376 1755 387 1772 ,
397 1724 634 1779 Vnusquisque
645 1741 750 1779 prout
759 1728 939 1767 destinauit
948 1732 986 1767 in
994 1729 1102 1767 corde
1112 1727 1173 1767 suo
1183 1758 1193 1774 ,
1205 1743 1271 1767 nec
1280 1744 1321 1768 ex
1329 1729 1464 1768 tristitia
1473 1727 1530 1767 vel
1540 1724 1747 1767 necessitate:
1760 1731 1840 1780 quia
1849 1727 2004 1767 hilarem
2016 1728 2119 1768 dato-

332 1795 409 1821 rem
420 1782 533 1834 diligit
540 1782 652 1820 Deus.
664 1783 730 1822 Sed
739 1791 820 1836 quia
829 1782 951 1822 fratres
961 1796 1059 1821 erant
1068 1784 1154 1822 serui
1165 1782 1303 1822 Hebraei
1312 1812 1322 1828 ,
1332 1785 1429 1822 Deus
1438 1781 1547 1835 passus
1558 1797 1633 1822 non
1643 1784 1690 1823 est
1699 1798 1758 1822 eos
1772 1785 1945 1823 deteriore
1956 1783 2040 1822 loco
2049 1781 2113 1821 ha-

331 1834 406 1874 beri
418 1836 528 1888 quam
537 1841 786 1876 mercenarios.
795 1838 909 1890 Qod
921 1850 1040 1876 autem
1049 1837 1116 1875 illis
1125 1839 1201 1875 dari
1212 1836 1307 1875 iubet
1316 1852 1356 1875 ex
1365 1837 1551 1882 torculari,
1563 1851 1642 1876 arca
1651 1867 1660 1882 ‚
1670 1845 1702 1876 δε
1713 1837 1819 1877 caulis
1831 1839 2006 1890 pecudum
2017 1864 2028 1880 ,
2037 1849 2115 1875 non

329 1893 496 1944 significat
505 1889 558 1928 his
568 1889 965 1942 verbis,locupletandos
975 1889 1109 1935 esse,vel
1121 1891 1384 1942 suppeditfidam
1398 1894 1472 1942 ipsis
1483 1891 1621 1942 largam
1632 1893 1888 1930 annonamzsed
1896 1892 2018 1930 diuites
2030 1904 2116 1942 pro-

329 1944 403 1998 prie
419 1943 612 1996 compellat
620 1973 630 1988 ,
643 1943 767 1996 quibus
783 1944 967 1997 multiplex
982 1949 1084 1996 copia
1101 1945 1245 1997 suppetit
1254 1959 1295 1984 ex
1305 1960 1373 1997 qua
1383 1948 1446 1983 sint
1454 1944 1631 1984 liberales:
1645 1949 1708 1985 acsi
1718 1946 1911 1986 ostenderet
1921 1946 2014 1985 vnde
2024 1949 2114 1984 acci-

329 2005 429 2053 piant
437 2003 632 2053 gratuitum
643 2001 885 2052 munus‚quod
896 2013 1018 2038 tamen
1028 2000 1132 2038 simul
1143 1999 1219 2038 'esset
1230 2001 1316 2038 iusta
1324 1999 1495 2039 laborum
1506 2001 1762 2050 compensatio,

375 2058 411 2093 18
459 2066 521 2092 Non
526 2055 564 2104 fit
573 2054 623 2090 tibi
633 2056 745 2093 durum.
798 2055 922 2105 Nuper
934 2054 1035 2091 retuli
1053 2053 1163 2104 quam
1182 2052 1329 2091 difficilis
1342 2052 1445 2091 fuerit
1461 2053 1519 2091 vel
1529 2054 1680 2091 molesta
1697 2054 1818 2091 Iudaeis
1836 2052 1937 2092 huius
1955 2052 2038 2107 legis
2048 2052 2116 2095 ob-

333 2110 482 2150 seruatio
491 2139 499 2147 .
508 2121 612 2161 quare
622 2122 696 2146 non
707 2107 768 2147 abs
777 2122 814 2146 re
821 2107 881 2147 hic
889 2108 986 2146 Deus
995 2108 1183 2146 morosam
1194 2114 1226 2146 &
1235 2107 1438 2160 malignam
1449 2121 1577 2148 eorum
1587 2105 1786 2161 superbiam
1797 2105 1963 2161 obiurgat
1971 2137 1981 2154 ‚
1991 2112 2014 2160 si
2025 2109 2115 2163 &gre

335 2164 451 2204 seruos
458 2170 727 2205 manumittant.
735 2165 777 2202 Et
785 2162 905 2216 primo
915 2163 1070 2216 quidem,
1078 2166 1234 2215 aequitate
1245 2164 1436 2215 proposita,
1445 2177 1504 2201 eos
1514 2163 1558 2201 ad
1566 2159 1917 2214 parenduminducit‚
1926 2165 2051 2204 deinde
2061 2164 2117 2218 spe

335 2223 630 2261 remunerationis
640 2250 648 2258 .
660 2220 845 2259 Admonet
860 2222 957 2259 enim
974 2214 1028 2258 sex
1041 2222 1139 2257 annis
1155 2217 1292 2258 seruum
1301 2222 1501 2270 promereri
1519 2217 1696 2270 duplicem
1714 2219 1919 2258 mercedem
1930 2233 2116 2261 mercena-

335 2280 377 2316 rii
387 2305 397 2321 ,
407 2275 464 2315 vel
481 2280 562 2327 quia
581 2278 695 2328 magis
710 2273 887 2315 laboriosa
902 2272 1006 2314 fuerit
1021 2278 1092 2318 eius
1102 2278 1175 2314 vita
1185 2274 1282 2327 (quia
1290 2271 1437 2327 pensum
1447 2272 1467 2312 a
1480 2273 1581 2313 seruis
1594 2276 1743 2313 txaffius
1753 2278 1937 2327 requiritur
1946 2274 2056 2328 quam
2066 2275 2117 2317 ab

335 2329 546 2370 hominibus
556 2329 740 2384 liberis‚qui
751 2345 871 2383 operas
880 2329 953 2370 suas
965 2329 1171 2374 locant:)vel
1181 2330 1398 2383 quia'duplex
1409 2334 1580 2382 temporis
1593 2329 1742 2382 spatium
1756 2330 1966 2377 confecerit,
1975 2346 2047 2384 quo
2059 2332 2114 2371 so-

337 2385 456 2424 lebant
473 2390 679 2425 mercenarii
696 2389 829 2426 reduci.
838 2386 1026 2439 Colligunt
1038 2389 1135 2425 enim
1149 2385 1287 2425 Hebraei
1304 2401 1345 2425 ex
1360 2385 1433 2425 hoc
1445 2385 1529 2424 loco
1538 2414 1548 2430 ,
1566 2390 1792 2426 mercenariis
1808 2388 1993 2439 praefixum
2015 2386 2113 2441 fuisse

337 2445 545 2481 triennium:
556 2456 656 2495 atque
666 2447 712 2481 ita
722 2442 876 2482 conferri
886 2439 1008 2495 purant
1017 2441 1072 2481 sex
1081 2456 1195 2481 annos
1205 2472 1212 2480 .
1221 2443 1287 2481 Sed
1294 2446 1469 2495 quoniam
1479 2441 1554 2480 haec
1564 2454 1665 2480 mera
1675 2442 1722 2481 est
1733 2442 1907 2481 diuinatio
1919 2471 1930 2488 ,
1938 2441 2056 2482 nescio
2063 2457 2110 2481 an

338 2497 466 2536 melius
476 2502 660 2537 conueniat
667 2500 764 2551 quod
773 2498 882 2544 attuli,
893 2512 955 2551 per
962 2498 1018 2538 sex
1027 2512 1140 2537 annos
1150 2496 1259 2551 duplo
1271 2497 1427 2537 vtiliores
1438 2495 1531 2537 fuiffe
1542 2500 1612 2537 eius
1621 2510 1743 2550 operas
1755 2497 1867 2552 quam
1878 2496 1979 2538 liberi
1987 2497 2111 2538 horni-

333 2556 390 2591 'nis
400 2556 458 2606 qui
467 2551 628 2593 seruiliter
636 2569 711 2593 non
721 2558 868 2607 cogitur.
1451 2562 1453 2564 ’

1020 2661 1082 2688 EX
1130 2664 1302 2689 LEVIT.
1333 2662 1436 2689 XXV·

413 2768 461 2810 39
533 2757 574 2799 si
585 2763 784 2799 attenuatus
795 2754 910 2815 fuerit
918 2754 1036 2817 frater
1049 2768 1126 2803 tuus
1136 2756 1231 2824 apud
1242 2771 1275 2804 te
1286 2795 1297 2814 ‚
1310 2763 1418 2805 itam
1427 2751 1614 2821 vendatfi·
1625 2751 1689 2800 tibi
1700 2768 1711 2803 ’,
1725 2757 1914 2801 nonwerae's
1924 2765 2029 2819 opera
2037 2740 2108 2818 eius

344 2824 609 2890 tanquamserui
619 2839 733 2888 opera.
1482 2855 1486 2858 .

414 2908 484 2953 40
555 2900 752 2959 Tanquam
764 2899 985 2941 mercenarius
996 2932 1008 2951 ,
1022 2907 1190 2966 tanquam
1199 2895 1335 2945 colonus
1346 2902 1526 2954 erittecum
1538 2890 1668 2962 WJque
1677 2890 1726 2939 ad
1735 2908 1866 2940 annum
1887 2889 2013 2940 lubilei
2020 2891 2106 2962 fir-

347 2969 415 3010 uiet
427 2960 503 3008 tibi.
1719 2987 1721 2990 ⁴

413 3049 468 3092 41
542 3030 745 3099 Egredietur
754 3046 871 3084 autem
884 3036 908 3087 22
921 3035 1045 3105 αἱρῇ,
1056 3033 1100 3083 ΕΤ
1111 3034 1209 3084 liberi
1222 3044 1290 3085 eius
1302 3053 1376 3085 cum
1385 3055 1436 3092 eo,
1447 3055 1487 3084 ac
1496 3045 1681 3083 reuertetur
1690 3031 1739 3080 ad
1738 3028 1918 3098 familiam
1919 3029 2043 3101 fitam,
2057 3032 2104 3081 ὃ·

347 3097 394 3146 “d
405 3100 637 3168 1³⁰ff‘s51'0nem
647 3117 788 3171 patrum
790 3103 936 3172 ficorum
947 3101 1158 3154 reuertatur.>

418 3185 480 3229 42
553 3182 643 3221 Sunt
652 3182 740 3222 enim
741 3174 836 3244 serui
847 3184 914 3225 mei
923 3195 1005 3246 quos
1014 3176 1134 3225 reduxi
1145 3176 1164 3225 ὲ
1175 3189 1263 3224 terra
1275 3182 1452 3248 AEgypti:
1467 3191 1534 3224 non
1542 3170 1957 3224 vendenturvenditione
1968 3170 2102 3244 ftruili.

420 3255 477 3300 43
550 3251 635 3293 Non
645 3240 871 3296 dominaberis
880 3245 947 3297 illis
957 3247 1057 3304 dure,
1064 3245 1126 3315 sed
1138 3244 1270 3297 timebis
1282 3247 1305 3297 a
1318 3250 1394 3295 Deo
1407 3260 1477 3298 tua.
1728 3261 1730 3263 ’

2235 2239 2238 2272 ι

2234 2353 2238 2402 l
