2238 3587
139 2109 258 2139 Leniat&
266 2111 319 2146 τως
328 2133 335 2140 ,

146 2974 323 3010 Μ-ιωιλαψ

344 89 403 141 136
1029 80 1473 122 COMMENT.

338 162 458 202 Porro
468 154 601 196 accessit
612 153 658 192 ad
678 154 808 192 Deum
829 150 1022 190 Abraham
1042 155 1249 191 reuerentia:
1268 149 1383 190 causa.
1417 150 1552 203 Neque
1568 147 1714 188 enimse
1734 147 1962 187 contentiose
1975 152 2149 203 opponit,
2209 191 2221 204 κ

339 217 502 268 quasiitis
516 204 780 249 intercessionis
798 205 1179 245 habeat:sedtanti1m
1200 206 1406 260 suppliciter
1432 203 1870 259 deprecatur:&singulae
1890 215 2003 244 voces'
2016 219 2152 257 quanta
2200 218 2212 225 ¹*

339 271 450 310 fuerit
463 267 570 305 saneti
582 265 650 301 viri
659 262 852 302 humilitas
863 269 894 302 δε
906 261 1084 301 modestia
1096 262 1434 301 ostendunt.Fateor
1442 260 1594 315 quidem
1607 259 1748 299 sanctos
1767 259 1952 299 interdum
1964 265 2080 300 carnis
2093 260 2152 300 sen
2209 255 2212 259 ’
2237 275 2238 283 ’

340 326 382 366 su
395 323 564 374 abreptos
576 318 638 357 sibi
652 333 730 357 non
745 317 961 371 temperasse
972 319 1064 370 quin
1077 317 1225 371 oblique
1237 317 1364 356 saltem
1380 318 1465 355 Deo
1478 315 1797 371 obstreperentzsed
1810 314 1868 354 hic
1883 315 2071 354 Abraham
2083 318 2151 354 rio—

342 382 406 420 nisi
417 387 625 415 reuerenter
636 377 761 414 Deum
776 374 988 427 compellat,
1002 387 1067 412 nec
1086 377 1288 426 quicquam
1306 372 1358 410 illi
1371 373 1502 411 excidit
1513 370 1790 424 reprehensione
1811 372 1984 424 dignum.
2015 373 2152 410 Viden-

342 435 430 472 dum
445 434 542 469 tame'
553 445 629 482 quo
639 429 769 469 affeCru
780 429 960 481 impulsus
972 430 1080 467 fuerit
1093 427 1281 467 Abraham
1293 458 1306 476 ‚
1318 441 1358 466 vt
1368 424 1442 467 suas
1455 441 1523 480 pro
1535 426 1738 465 Sodomitis
1749 440 1872 479 preces
1884 439 2153 479 interponeret.

341 487 508 542 Qidam
520 499 651 539 putant
661 485 705 524 de
717 489 822 523 vnius
834 492 980 538 nepotis
991 484 1100 523 salute
1112 487 1229 536 magis
1239 482 1343 521 fuisse
1354 486 1518 527 anxium,
1529 481 1639 534 quam
1654 481 1862 520 Sodomam
1874 488 1909 521 ὃ(
1925 482 2081 535 reliquas
2091 495 2154 522 vr-

345 544 406 583 bes
418 541 550 580 curasse
562 558 570 579 :
584 541 802 579 verecundia
822 553 946 579 tamen
958 552 1144 578 retentum
1157 568 1166 583 ,
1179 554 1225 577 ne
1235 552 1374 591 magno
1386 537 1528 592 populo
1540 537 1705 589 negleeio
1717 567 1727 582 ‚
1738 551 1858 576 vnum
1872 536 2068 576 hominem
2082 550 2151 576 no—

342 601 517 637 minatim
532 596 680 635 sibidari
693 595 865 650 posceret.
878 598 989 650 Atqui
1003 594 1161 634 minime
1176 592 1372 648 probabile
1390 593 1438 632 est
1459 593 1523 632 tali
1543 592 1774 631 simulatione
1793 591 1950 631 abusum
1965 593 2045 635 efle,
2072 595 2153 646 Ego

343 653 437 694 certe
455 654 651 691 communi
674 666 759 704 erga
771 654 938 705 quinque
946 652 1107 704 populos
1126 650 1381 688 misericordia
1402 652 1540 689 taetum
1563 647 1627 687 effe
1639 661 1715 685 non
1728 647 1860 686 dubito
1872 662 1934 697 ,vt
1944 647 2155 703 deprecator

343 708 542 748 accederet.
562 707 676 759 Qod
688 709 710 744 si
723 710 855 745 omnia
865 707 1278 760 expendimus,magnas
1289 704 1417 744 habuit
1428 703 1546 742 causas
1559 716 1623 742 cur
1634 703 1670 741 id
1688 702 1832 743 faceret.
1842 705 1976 756 Nuper
1987 704 2071 743 illos
2085 708 2156 742 eri-

344 776 472 819 puerat
483 778 522 802 ex
536 763 698 801 hostium
712 775 943 800 manumunc
956 775 1101 815 repente
1111 760 1281 800 delendos
1292 759 1358 799 esse
1368 761 1677 799 audit.Coniicere
1690 772 1832 812 poterat
1844 758 1985 797 bellum
2000 759 2093 798 illud
2103 773 2156 798 te-

345 833 448 858 mere
460 817 524 857 efl'e
535 818 738 871 susceptum
754 820 965 862 ‚vicioriam
978 816 1080 857 suam
1093 817 1270 855 diuinitus
1280 815 1344 856 effe
1356 815 1593 855 maledictam
1604 843 1614 858 ,
1629 816 1723 866 quasi
1746 817 1830 854 Deo
1842 818 1964 853 inuito
1982 827 2051 867 pro
2064 815 2158 853 indi-

344 877 424 927 gnis
437 881 473 913 &
491 871 667 912 sceleratis
687 886 790 911 arma
802 871 992 926 sumpsisse.
1023 876 1145 922 potuit
1155 872 1210 910 his
1223 871 1514 926 cogitationibus
1526 871 1576 908 no
1586 869 1716 908 leuiter
1724 873 1906 923 torqueri.
1927 870 1984 908 Ad
1995 868 2071 908 haec
2082 883 2158 908 cre-

345 931 425 970 ditu
446 929 589 967 difficile
602 941 677 967 erat
689 959 698 973 ‚
710 941 785 966 tam
796 932 961 980 ingratos
974 928 1040 967 esse
1050 942 1182 967 omnes
1203 941 1242 966 vt
1269 927 1371 966 nulla
1384 930 1533 965 recentis
1543 923 1774 964 liberationis
1786 932 1976 964 memoria
1986 926 2082 978 apud
2096 938 2158 963 eos

345 990 497 1037 vigeret.
511 987 623 1037 Atqui
634 986 686 1022 fas
698 983 748 1022 illi
763 996 840 1022 non
852 984 920 1022 fuit
932 997 1008 1023 vno
1020 983 1135 1022 verbo
1148 997 1234 1022 cum
1249 985 1333 1023 Deo
1345 982 1528 1035 disputare
1541 1010 1550 1025 ‚
1561 981 1719 1033 postqui
1729 980 1893 1019 audierat
1902 980 1991 1032 quid
2004 981 2054 1019 illi
2067 980 2158 1018 statu

344 1054 426 1080 tum
439 1039 543 1080 foret.
559 1041 662 1089 Qud
675 1043 777 1076 enim
794 1043 911 1078 meriti
923 1042 987 1077 siut
998 1038 1184 1082 homines,
1201 1044 1238 1076 ὅ(
1249 1037 1365 1089 quam
1375 1036 1498 1076 seuere
1510 1049 1572 1074 eos
1587 1039 1727 1074 tractari
1739 1035 1903 1089 expediat
1913 1065 1923 1081 ,
1936 1049 2033 1074 vnus
2045 1035 2104 1074 ille
2118 1050 2160 1073 o-

344 1095 462 1150 ptime
476 1097 589 1133 nouit.
619 1096 697 1132 Cur
707 1107 797 1147 ergo
808 1107 884 1132 non
896 1094 1090 1148 acquiescit
1110 1092 1321 1132 Abraham?
1341 1107 1405 1132 cur
1417 1092 1479 1131 sibi
1490 1091 1636 1142 aliquos
1647 1089 1825 1129 Sodomae
1837 1090 1948 1129 iustos
1961 1091 2027 1129 effe
2040 1092 2162 1144 fingit,

345 1152 481 1206 quibus
492 1150 657 1202 neglestis
676 1151 778 1187 Deus
790 1150 944 1187 confuso
966 1153 1109 1202 impetu
1119 1151 1164 1188 ad
1175 1148 1401 1187 saeuiendum
1413 1148 1591 1201 prosiliat?
1612 1144 1841 1198 Respondeo
1851 1175 1861 1190 ‚
1871 1145 2015 1186 sensum
2026 1146 2162 1184 huma-

344 1210 502 1257 nitatis‚q
510 1221 557 1244 uo
569 1216 762 1258 permotus
773 1204 842 1242 fuit
856 1203 1043 1243 Abraham
1055 1233 1064 1249 ‚
1078 1206 1165 1244 Deo
1179 1203 1542 1257 placuisse.Primiim,
1553 1208 1639 1255 quia
1651 1214 1769 1239 totam
1783 1201 1835 1240 illi
1847 1205 2162 1254 cognitionem,vt

344 1263 466 1306 decet,
480 1264 672 1313 permittit.
693 1259 953 1311 Deinde‚quia
966 1260 1114 1298 tantum
1138 1259 1556 1313 solatiipetendicausa,
1569 1256 1691 1295 sobrie
1711 1262 1748 1294 δ(
1762 1255 2164 1310 submisleinterrogat.
2196 1286 2197 1289 η

343 1315 458 1372 Qod
472 1328 577 1360 tantae
596 1315 849 1354 multitudinis
863 1318 1052 1354 interitum
1075 1315 1266 1360 exhorret,
1280 1314 1373 1354 nihil
1385 1316 1536 1354 mirum.
1570 1311 1683 1351 Videt
1694 1311 1873 1351 homines
1896 1312 1941 1351 ad
1953 1315 2162 1364 imaginem

344 1374 418 1412 Dei
430 1384 584 1410 creatos:
600 1370 663 1408 fibi
674 1369 862 1423 persuadet
872 1372 909 1408 in
924 1370 983 1408 illa
995 1373 1134 1421 ingenti
1146 1369 1254 1409 turba
1274 1384 1409 1424 paucos
1420 1369 1545 1408 saltem
1557 1365 1623 1406 esse
1635 1372 1802 1419 integros
1812 1397 1821 1412 ‚
1833 1368 1890 1406 vel
1903 1382 1984 1406 non
1997 1381 2162 1406 omnino

342 1427 540 1479 improbos
552 1434 582 1465 δε
594 1426 741 1464 malitiae
754 1425 906 1464 deditos.
925 1425 1041 1480 Qod
1052 1439 1139 1479 ergo
1148 1428 1193 1464 ad
1202 1430 1352 1464 veniam
1366 1423 1638 1477 impetrandam
1653 1423 1773 1460 valere
1784 1423 1977 1465 existimat.
1993 1424 2079 1461 Deo
2090 1423 2161 1460 ob-

343 1485 430 1522 iicit.
445 1483 598 1519 Videtur
609 1494 731 1519 tamen
750 1494 941 1534 perperam
955 1480 1072 1519 facere
1092 1481 1195 1532 quod
1213 1485 1478 1532 impunitatem
1499 1478 1606 1516 malis
1626 1478 1780 1530 postulet
1801 1482 1839 1516 in
1857 1483 2016 1530 gratiam
2037 1477 2162 1516 bono-

344 1551 445 1576 rum.
476 1539 636 1588 Cuperet
647 1537 747 1577 enini
763 1538 890 1574 Deum
900 1535 985 1572 loco
998 1549 1161 1587 parcere,
1174 1538 1195 1572 fi
1208 1537 1476 1585 quinquaginta
1487 1533 1561 1571 illic
1572 1533 1696 1571 bonos
1709 1536 1890 1572 inueniat.
1922 1531 2163 1586 Respondeo,

343 1606 420 1631 non
434 1590 544 1643 Vsque
554 1590 596 1628 eo
608 1589 755 1627 extendi
770 1603 890 1641 preces
911 1588 1069 1626 Abrahae
1079 1618 1087 1633 ‚
1099 1602 1144 1626 ne
1157 1590 1262 1627 Deus
1272 1588 1427 1641 flagellis
1440 1588 1510 1626 suis
1536 1592 1690 1638 attingat
1703 1587 1813 1626 vrbes
1834 1587 1912 1627 illas
1928 1588 2007 1638 ,sed
2019 1588 2165 1627 tantum

344 1662 390 1685 ne
402 1647 569 1686 funditus
582 1644 657 1682 illas
670 1645 794 1696 perdat
807 1662 813 1681 z
825 1646 889 1681 acsi
900 1640 1042 1681 dixisset
1052 1672 1060 1687 ‚
1075 1644 1253 1687 Domine,
1266 1656 1450 1697 vtcunque
1465 1643 1647 1681 vltionem
1668 1642 1793 1681 sumas
1805 1642 1850 1681 de
1874 1647 1999 1695 impiis
2009 1673 2018 1687 ,
2031 1645 2166 1682 annon

344 1701 498 1756 aliquod
510 1700 744 1738 domicilium
758 1698 857 1737 iustis
870 1698 1069 1748 relinques!
1101 1702 1180 1736 Cur
1192 1698 1359 1735 funditus
1373 1703 1505 1749 periret
1517 1697 1580 1734 ista
1592 1703 1697 1748 regio
1707 1724 1716 1739 ,
1729 1697 1895 1749 quandiu
1915 1696 2098 1736 restabunt
2110 1712 2167 1735 in-

343 1758 465 1796 colaeii
485 1753 619 1807 quibus
638 1754 846 1792 habitetur?
877 1752 971 1788 Non
985 1765 1073 1801 ergo
1094 1754 1184 1803 petit
1209 1751 1398 1790 Abraham
1419 1753 1572 1801 vtimpii
1587 1751 1698 1788 bonis
1710 1754 1882 1803 permixti
1907 1767 2065 1791 manum
2091 1755 2165 1792 Dei

345 1809 567 1863 effugiit-‚sed
580 1807 723 1847 tantum
735 1820 775 1844 vt
790 1809 893 1846 Deus
906 1804 1095 1856 publicam
1107 1805 1150 1844 de
1159 1819 1271 1859 gente
1282 1818 1360 1845 tota
1371 1819 1522 1860 poenam
1537 1804 1689 1843 sumens
1699 1834 1708 1850 ,
1724 1805 1770 1845 ab
1783 1809 1892 1846 exitio
1903 1821 2025 1847 tamen
2043 1809 2164 1847 bonos

346 1872 410 1921 qui
421 1866 550 1904 residui
562 1868 833 1906 erunt‚eximat.
1720 1896 1721 1900 ,

402 1936 437 1969 23
498 1921 637 1969 Nunqmd
655 1932 736 1956 etiam
747 1920 882 1973 disperde:
901 1921 1015 1969 iuli-um?
1071 1917 1231 1955 Certum
1244 1916 1397 1970 quidem
1421 1917 1586 1962 est‚dum
1600 1931 1734 1972 corpus
1754 1917 1907 1969 aliquod
1918 1917 2049 1970 populi
2065 1920 2167 1958 Deus

348 1977 506 2027 castigat,
517 1974 607 2027 saepe
618 1977 654 2011 in
666 1972 807 2011 easdem
818 1972 965 2010 inuolui
980 1985 1107 2024 poenas
1118 1970 1242 2010 bonos
1252 1986 1337 2010 cuin
1352 1974 1530 2026 reprobis.
1551 1975 1608 2011 Sic
1625 1972 1770 2017 Daniel,
1789 1971 1961 2018 Ezechiel,
1978 1972 2115 2018 Esdras,
2128 1980 2168 2013 ὃς

347 2031 483 2071 similes
496 2034 558 2084 qui
570 2028 658 2082 pure
675 2031 800 2068 Deum
816 2031 854 2065 in
866 2029 981 2080 patria
991 2025 1274 2078 colebant,quasi
1286 2029 1423 2068 violeta
1437 2028 1642 2081 procellam
1657 2029 1811 2067 exilium
1823 2027 1963 2081 abrepti
1974 2029 2057 2068 sunt
2069 2046 2077 2067 ι
2090 2030 2167 2081 qui'i

348 2101 382 2127 ta
389 2090 448 2125 me'
459 2087 595 2124 dieium
612 2085 719 2128 foret,
731 2086 848 2122 Euom
855 2095 887 2121 et
898 2095 989 2120 terra
998 2081 1226 2121 habitatores
1241 2083 1323 2121 suos
1334 2097 1484 2136 propter
1495 2097 1627 2122 eorum
1644 2083 1854 2123 sceleraSed
1866 2098 1984 2137 quum
2001 2090 2046 2123 ito.
2059 2099 2169 2123 com-

349 2144 512 2181 muniter
524 2140 620 2179 virasci
635 2142 670 2177 in
683 2139 833 2193 speciem
850 2137 1030 2176 omnibus
1040 2138 1188 2175 videtur
1199 2138 1312 2183 Deus,
1326 2139 1371 2177 ad
1384 2140 1496 2177 finem
1511 2139 1646 2178 referre
1660 2140 1789 2178 oculos
1800 2138 1911 2184 decet,
1923 2144 1986 2192 qui
2000 2139 2118 2194 longe
2131 2154 2165 2178 a·

349 2191 417 2238 lios
431 2196 475 2235 ab
495 2197 571 2235 aliis
582 2194 762 2235 discernit.
797 2193 899 2232 Nam
912 2195 934 2230 si
945 2191 1104 2244 agricola
1114 2196 1221 2230 tritici
1232 2207 1381 2245 gr‹in.i‚q
1389 2208 1439 2231 use
1464 2194 1567 2232 fimul
1579 2208 1663 2233 curn
1679 2196 1777 2248 palea
1790 2194 1907 2234 boum
1923 2195 2081 2248 pedibus
2097 2195 2165 2234 cal-

349 2266 499 2297 cantur,
514 2251 570 2290 vel
591 2255 847 2303 percutiuntur
868 2247 1033 2299 flagrum
1059 2246 1294 2301 segregarem
1318 2248 1492 2287 horreum
1514 2250 1763 2304 nouit,longe
1778 2249 1912 2289 melius
1933 2251 2058 2290 fideles
2070 2250 2167 2300 suos,

350 2307 546 2362 postquam
561 2307 606 2344 ad
618 2318 766 2358 tempus
777 2304 1001 2358 castigauei·it
1015 2332 1024 2348 ,
1035 2301 1081 2341 ab
1095 2306 1218 2356 impiis
1232 2311 1310 2354 (qui
1321 2305 1435 2342 veluti
1449 2303 1687 2344 suntinutiles
1698 2305 1914 2359 quisquiliae)
1935 2307 2105 2358 colliget,
2117 2320 2167 2345 ne

350 2362 457 2402 simul
468 2373 633 2415 pereant:
652 2362 733 2399 imo
743 2361 890 2399 tandem
908 2371 1043 2397 euentu
1054 2358 1132 2410 ipso
1153 2357 1329 2410 probabit
1351 2359 1383 2398 se
1395 2361 1557 2412 perditos
1574 2359 1727 2400 noluisse
1746 2375 1842 2414 quos
1860 2366 1981 2414 poenis
2003 2360 2165 2402 sanabat.

351 2418 520 2456 Tantum
531 2421 631 2455 enim
645 2415 741 2454 abest
751 2429 789 2454 vt
801 2415 844 2454 ad
857 2413 1089 2468 perdendum
1101 2425 1202 2457 ruat,
1217 2417 1359 2466 quoties
1372 2414 1453 2453 suos
1464 2414 1734 2468 temporalibus
1746 2418 1866 2470 poenis
1877 2414 2031 2461 subiicit,
2047 2429 2087 2455 vt
2097 2430 2167 2469 po-

349 2479 423 2512 tius
435 2472 662 2511 medicinam
681 2470 993 2515 afferens‚eorum
1016 2468 1165 2507 salutem
1179 2483 1361 2521 procuret.
1395 2473 1469 2522 Ego
1479 2473 1657 2510 veronon
1680 2471 1815 2511 dubito
1836 2478 1928 2525 quin
1951 2474 2059 2512 Deus
2079 2471 2165 2510 vlti-

352 2542 462 2568 mum
482 2529 674 2565 interitum
697 2527 871 2577 Sodomae
891 2522 1268 2578 deiiuntiaffet:atque
1287 2523 1358 2564 hoc
1369 2525 1471 2564 sensu
1492 2539 1587 2566 nunc
1597 2529 1751 2580 excipiat
1775 2525 1986 2571 Abraham,
1999 2526 2165 2566 minime

353 2582 643 2623 consentaneum
664 2580 730 2620 effe
741 2581 916 2620 vteadem
934 2581 1066 2633 pariter
1078 2582 1183 2617 ruina
1203 2579 1281 2618 iusti
1293 2595 1379 2619 cum
1391 2583 1518 2634 impiis
1536 2580 1866 2621 concidantNihil
1878 2595 2005 2621 tamen
2017 2582 2165 2623 absurdi

352 2643 418 2678 erit
437 2641 458 2675 si
472 2639 636 2676 dicamus
656 2637 845 2676 Abraham
858 2665 866 2680 ‚
880 2635 981 2689 quod
993 2634 1085 2673 bene
1104 2633 1255 2687 speraret
1268 2636 1311 2674 de
1343 2636 1534 2676 malorum
1553 2636 1812 2690 resipiscentia,
1828 2639 1954 2676 Deum
1967 2636 2112 2690 rogasse
2122 2650 2163 2677 vt

351 2694 421 2733 illis
432 2705 592 2747 parceret
606 2691 948 2744 :quemadmodum
960 2690 1050 2743 saepe
1072 2693 1305 2742 contingitvt
1316 2705 1520 2745 paucorum
1535 2691 1697 2746 respee‘tu
1719 2694 1824 2732 Deus
1837 2692 2035 2732 clementer
2046 2707 2166 2747 popu·

351 2750 433 2789 lum
452 2750 608 2801 aliquem
623 2748 770 2785 traeret.
802 2747 943 2784 Scimus
954 2751 1051 2784 enim
1075 2747 1235 2796 mitigari
1247 2745 1412 2799 publicas
1426 2761 1552 2800 poenas
1564 2753 1670 2798 ‚quia
1697 2749 1893 2787 Dominus
1904 2749 1987 2788 suos
1998 2748 2165 2801 benigne

352 2808 577 2858 paternoque
589 2802 698 2841 oculo
713 2801 907 2855 respicit.ln
922 2802 1040 2840 eunde
1051 2798 1152 2840 sensu
1162 2805 1276 2854 accipi
1289 2801 1393 2841 debet
1405 2806 1511 2856 ipsius
1523 2804 1598 2842 Dei
1612 2801 1841 2856 responsio,8i
1850 2823 1879 2843 m
1890 2809 1976 2844 medio
1986 2808 2108 2844 sodomae
2118 2814 2164 2842 m-

353 2879 448 2898 uenero
459 2873 658 2913 qmnquagmta
666 2863 806 2912 iuflvs210ei'
816 2860 865 2895 Ιοω
874 2872 984 2908 propter
993 2874 1035 2894 eos
1043 2856 1256 2909 parcum.Neq
1263 2872 1307 2895 ue
1318 2871 1392 2896 tam
1399 2873 1441 2896 en
1452 2858 1511 2896 hic
1524 2871 1692 2912 perpetua
1707 2858 1781 2910 lege
1793 2858 1825 2898 se
1837 2862 1940 2900 Deus
1952 2860 2162 2913 obstringit,

354 2928 399 2953 ne
410 2917 516 2954 liceat
528 2918 693 2967 ,quoties
705 2917 752 2952 ita
763 2913 883 2951 visum
896 2913 1006 2950 fucrit
1018 2941 1026 2955 ‚
1040 2915 1177 2964 impios
1186 2916 1250 2949 etia
1258 2927 1293 2950 m
1308 2914 1404 2951 iustis
1418 2916 1639 2952 coniunCmS
1650 2913 1696 2952 ad
1708 2927 1859 2965 poenam
1879 2915 2029 2954 trahere.
2042 2917 2163 2966 Atque

354 2982 393 3006 vt
406 2970 569 3009 ostendat
581 2970 736 3008 liberam
751 2968 813 3007 sibi
826 2966 893 3007 effe
907 2967 1090 3005 iudicandi
1104 2966 1320 3019 potestatem
1333 2997 1341 3012 ,
1353 2982 1434 3007 non
1446 2968 1585 3021 semper
1603 2968 1821 3019 :equabilem
1835 2974 1872 3010 in
1884 2970 1950 3009 hac
1963 2983 2063 3023 parte
2076 2983 2162 3008 mo·

356 3024 447 3061 dum
460 3024 582 3064 seruat.
616 3028 692 3078 Qii
705 3025 876 3063 Sodomae
886 3022 1055 3076 parsurus
1066 3036 1138 3060 erat
1159 3024 1440 3074 propterdccem
1462 3024 1574 3063 iustos
1588 3021 1702 3066 ,hanc
1713 3023 1746 3062 se
1760 3029 1905 3065 veniam
1920 3024 2159 3076 ierosolymae

355 3079 526 3116 daturum
542 3081 831 3131 negatsciamus
842 3093 927 3130 ergo
944 3081 1068 3117 Deum
1081 3077 1143 3116 hic
1157 3077 1218 3116 sibi
1228 3075 1469 3118 necessitatem
1484 3094 1562 3118 non
1574 3079 1840 3131 imponere‚sed
1851 3081 1933 3120 ideo
1947 3083 1988 3118 fic
2000 3081 2161 3134 loqui‚vt

355 3132 490 3170 melius
501 3133 668 3173 testatum
682 3136 790 3174 faciat
803 3134 833 3174 se
845 3148 922 3174 non
936 3135 1066 3172 leuiter
1077 3132 1233 3184 prosilire
1246 3136 1289 3172 ad
1300 3136 1519 3188 perdendam
1531 3134 1678 3178 vrbem,
1691 3139 1794 3175 cuius
1806 3137 1903 3175 nulla
1913 3141 2040 3190 portio
2052 3139 2158 3175 since-

354 3201 394 3227 ra
406 3186 569 3227 restabat.

418 3257 455 3289 ες
516 3245 900 3293 Aniudexuniuersaeterrae
911 3249 1120 3299 nonfim'eeiud.
1170 3245 1262 3283 Non
1283 3244 1462 3284 admonet
1473 3245 1584 3285 officii
1598 3244 1647 3286 sui
1669 3245 2160 3301 Deumzquemadmodum

357 3300 464 3351 siquis
474 3299 585 3338 iudici
597 3297 804 3342 dicat‚Vide
818 3302 905 3354 quid
915 3300 1005 3340 ferat
1016 3314 1126 3340 tuum
1137 3300 1382 3355 miinus,quid
1393 3301 1480 3340 loco
1491 3302 1558 3341 isto
1572 3303 1727 3359 dignum
1740 3307 1790 3348 sit,
1798 3304 1885 3357 quid
1898 3303 2056 3356 personat
2068 3302 2160 3339 coue
