2238 3587
673 128 822 167 CVM
868 127 998 170 IOH.
1045 130 1351 170 CALVINI
1395 132 1563 172 COM.
1879 149 1929 186 53¹

129 203 205 236 rat,
218 204 260 231 vt
271 193 390 231 nullus
402 194 592 246 apericulo
609 194 823 235 defectionis
843 197 923 234 esset
932 204 1060 235 timor.
1089 199 1199 250 Atqui
1212 211 1265 236 tot
1277 203 1518 240 certaminum
1539 201 1660 239 vietor
1668 211 1745 239 vno
1755 201 1793 238 in
1804 202 1883 239 aeliu
1894 202 1938 240 ad

130 259 341 286 extremum
352 247 513 287 labascit.
523 252 612 302 Qo
623 264 738 304 magis
751 251 904 290 tenenda
919 252 964 289 est
978 251 1080 289 Pauli
1093 253 1308 297 exhortatio,
1320 257 1422 304 Qia
1434 257 1538 294 Deus
1549 254 1597 293 est
1607 259 1717 307 quiin
1733 254 1842 294 nobis
1853 270 1936 309 ope-

127 314 229 341 ratur
249 303 388 341 &velle
407 310 439 343 &
451 305 626 356 perficere
636 319 706 358 pro
717 305 782 343 suo
805 306 1030 359 beneplacito
1043 335 1056 355 ,
1068 320 1154 346 cum
1173 320 1311 345 timore
1330 316 1362 347 &
1381 321 1543 347 tremore
1555 309 1795 363 peragendam
1810 311 1871 349 effe
1883 311 1933 349 sa-

75 395 78 398 .
127 355 242 396 lutem
255 358 434 396 nostram.

171 417 196 452 8
236 426 340 465 Ampe
352 431 466 467 usrgam.
501 414 578 453 Iam
589 413 683 453 haud
699 412 806 453 dubie
820 428 977 468 coeperat
988 416 1140 455 titubare
1152 416 1267 455 Mofis
1279 416 1378 454 fides:
1390 416 1447 456 sed
1459 431 1537 456 non
1546 398 1932 471 prorsus.f{iii³l{colla-

125 466 230 523 psam
240 481 281 506 ex
294 482 474 522 prompto
486 471 562 507 eius
573 469 751 522 obsequio
765 470 961 523 colligitur.
975 472 1104 523 Neque
1118 473 1221 509 enim
1232 469 1464 524 disceptando
1475 486 1602 511 moras
1615 475 1734 527 nectit,
1746 469 1932 529 &proti-

82 559 89 568 ,,
124 535 196 560 nus
207 525 308 561 ‘venit
320 525 363 562 ad
375 537 507 577 rupem
518 553 527 568 ‚
540 537 579 562 vt
592 527 661 562 Dei
676 523 848 562 mandato
858 538 985 577 pareat.
1000 528 1058 565 Sic
1070 540 1159 580 ergo
1171 525 1345 565 suffocata,
1362 526 1431 565 fuit
1441 530 1518 566 eius
1532 527 1619 566 fides
1631 557 1640 572 ‚
1653 541 1692 566 vt
1704 529 1868 569 occultus
1879 544 1931 569 ta-

82 596 84 599 *
124 581 188 615 me*
197 581 304 628 vigor
316 580 446 629 sponte
457 594 541 617 eum
554 580 599 618 ad
609 579 772 617 officium
784 579 966 633 dirigeret.
986 584 1105 633 Atque
1117 586 1164 619 ita
1176 581 1287 619 saneti
1301 582 1489 620 interdum
1501 583 1705 621 vacillando
1718 583 1818 635 quasi
1827 591 1931 638 pueri

125 633 171 670 ad
183 632 343 684 scopum
358 645 483 671 tamen
501 633 604 672 suum
617 634 857 675 contendunt.
880 637 1002 674 Baculi
1015 635 1207 688 conspeetu
1222 636 1342 675 voluit
1355 638 1458 675 Deus
1470 651 1640 676 reuocare
1652 641 1692 676 in
1703 647 1932 679 memoriam
1950 645 1953 649 '

123 699 201 726 tam
215 687 315 726 Mofi
326 688 439 742 quam
454 689 596 742 populo
609 702 667 727 tot
688 689 862 727 miracula
876 703 954 743 quat
974 691 1144 729 fiduciam
1156 696 1193 728 in
1204 690 1390 744 posterum
1403 705 1560 745 gignere
1579 692 1768 731 deberent:
1783 696 1933 747 perinde

123 741 377 795 acsipotentiae
389 746 457 782 suae
472 743 650 783 vexillum
664 744 852 782 attolleret.
863 744 977 799 Qod
989 748 1098 784 etiam
1113 745 1211 783 iubet
1223 759 1354 798 rupem
1367 746 1525 800 alloqui,
1541 762 1667 786 amara
1680 749 1932 800 exprobratio-

122 811 174 836 ne
183 811 262 837 non
276 798 453 837 carenacsi
464 801 606 842 diceret,
620 803 659 836 in
673 805 834 837 mortuis
845 799 1005 840 eleme'tis
1017 801 1097 854 plus
1109 799 1187 838 fore
1199 803 1350 839 rationis
1362 808 1398 839 ὅ(
1409 803 1656 856 intelligentia:
1677 805 1787 855 quam
1798 809 1835 842 in
1850 804 1932 857 ipsis

120 851 401 892 hominibus.Et
411 854 504 892 certe
514 853 585 891 hoc
596 853 699 892 valde
710 854 895 907 pude'dum
910 853 1210 909 fuit,rupem‚acsi
1219 862 1332 893 aurita
1344 855 1516 910 sensuque
1525 860 1674 912 praedita
1686 856 1934 904 esset,obedirc

122 909 197 947 Dei·
209 909 497 961 voci:populum
509 909 597 947 vero
609 913 665 946 cui
682 910 750 947 Lex
764 911 847 949 data
858 910 1095 954 erat‚surdum
1108 917 1138 948 &
1150 908 1322 947 hebetem
1334 924 1493 951 manere.

174 978 212 1002 10
270 980 303 1002 ει
313 980 541 1016 amgregmerum
566 968 836 1013 Moslseralmron.
881 966 1050 1005 Dubium
1063 964 1198 1002 nonest
1217 966 1304 1015 quin
1326 966 1514 1017 perplexus
1533 971 1628 1006 inter
1648 967 1747 1020 spem
1767 974 1803 1006 Sc
1828 968 1932 1007 dubi-

120 1022 303 1056 tationem
318 1019 428 1056 fuerit
442 1019 575 1057 Moses:
589 1032 627 1058 vt
640 1024 818 1059 anxietate
830 1020 1120 1072 quodammodo
1132 1018 1511 1072 oppressu5,euentum
1522 1033 1647 1059 tamen
1662 1025 1745 1062 Deo
1757 1036 1933 1061 commit-

119 1085 221 1111 teret.
237 1073 324 1124 Neq
335 1087 378 1112 ue
390 1077 489 1112 enim
502 1075 631 1126 absque
644 1075 714 1113 fide
728 1089 804 1114 tam
817 1076 933 1115 fuiffet
958 1078 1002 1114 ad
1014 1077 1219 1126 parendum
1233 1074 1346 1112 facilis
1359 1082 1391 1114 δε
1403 1075 1533 1119 alacer,
1546 1077 1742 1128 prasertim
1756 1093 1794 1115 in
1806 1092 1840 1115 re
1854 1077 1942 1129 plus

118 1141 233 1179 quam
255 1128 380 1169 ardua.
404 1129 536 1183 Nuper
554 1130 690 1182 trepide
709 1131 822 1183 ipse&
837 1134 960 1169 Aaron
974 1130 1007 1167 se
1017 1130 1245 1169 abdiderant.
1267 1133 1348 1168 Fuit
1358 1133 1472 1184 igitur
1488 1145 1567 1168 non
1582 1132 1933 1184 paruaedifficultatis

119 1183 304 1236 populum
318 1198 428 1237 quem
450 1183 622 1238 fugerant
634 1199 725 1224 mox
737 1198 891 1234 vocare,
909 1193 946 1224 δε
960 1186 1055 1223 vltro
1081 1185 1255 1223 insultare
1270 1186 1493 1224 furentibus.
1528 1188 1709 1224 Haeremus
1723 1200 1812 1237 ergo
1834 1189 1933 1225 doci-

114 1238 198 1276 litas
210 1252 294 1276 cum
307 1241 423 1277 animi
439 1240 692 1293 magnitudine
702 1241 916 1294 perspicitur
933 1254 1009 1279 non
1023 1241 1164 1294 vulgari
1183 1240 1288 1278 laude
1301 1242 1429 1294 digna:
1444 1239 1502 1279 sed
1523 1245 1608 1292 quia
1635 1241 1770 1279 Mosen
1784 1243 1931 1280 incredu

115 1291 228 1331 litatis
240 1295 391 1332 damnat
403 1295 547 1333 caelestis
573 1295 707 1340 Iudex,
720 1309 826 1349 penes
844 1310 959 1350 quem
979 1295 1125 1334 summa
1141 1295 1188 1335 est
1215 1295 1388 1348 potestas,
1401 1303 1438 1334 ὅ(
1451 1300 1551 1333 cuius
1573 1295 1725 1335 arbitrio
1746 1293 1880 1334 stamus
1892 1311 1933 1334 o-

116 1362 222 1386 mnes
235 1354 271 1386 δε
284 1349 452 1388 cadimus
465 1379 473 1394 ,
490 1353 793 1404 acquiescendum
816 1352 866 1389 est
884 1355 960 1390 eius
980 1352 1174 1390 sententiae.
1187 1352 1258 1388 Vix
1269 1364 1469 1403 quicquam
1482 1350 1763 1403 reprehensione
1774 1353 1933 1404 dignum

114 1406 153 1440 in
167 1403 238 1440 hoc
249 1418 357 1456 opere
370 1409 571 1444 cernimus:
588 1409 688 1458 atqui
700 1411 920 1459 pronuntiat
934 1408 1035 1445 Deus
1050 1406 1110 1445 fibi
1123 1405 1335 1459 displicuisse
1345 1405 1460 1444 Mosis
1471 1406 1585 1457 lapsu:
1597 1409 1672 1444 eius
1687 1410 1805 1459 magis
1818 1405 1930 1459 quam

113 1459 245 1496 nostro
258 1459 397 1498 iudicio
414 1461 713 1515 acquiescendum
727 1462 786 1503 est.
818 1464 939 1513 Atque
950 1462 1038 1500 hinc
1049 1475 1158 1500 etiam
1172 1459 1305 1500 discam
1313 1475 1353 1498 us
1365 1475 1477 1514 opera
1490 1460 1633 1504 nostra,
1648 1464 1687 1498 in
1699 1475 1863 1512 quorum
1876 1462 1932 1498 su-

114 1514 260 1566 perficie
273 1529 373 1554 mera
393 1529 506 1554 virtus
525 1517 729 1569 resplendet
742 1546 750 1561 ,
767 1518 920 1556 occultis
938 1522 1037 1556 intus
1048 1519 1139 1555 vitiis
1150 1519 1244 1569 saepe
1260 1515 1386 1554 scatere
1405 1530 1487 1569 quae
1507 1515 1711 1554 hominum
1727 1517 1855 1553 oculos
1876 1515 1932 1553 fu-

113 1573 248 1621 giunt:
264 1570 330 1608 soli
349 1585 474 1609 autem
491 1573 577 1610 Deo
589 1571 670 1610 sunt
683 1572 894 1613 manifesta.
915 1574 948 1611 Si
961 1574 1182 1626 quaeriturin
1196 1586 1271 1625 quo
1292 1571 1482 1622 deliquerit
1495 1570 1757 1622 Moses,orig0
1776 1571 1931 1622 quidem

114 1622 439 1665 fuitincredulitas.
455 1641 569 1679 neque
589 1630 686 1665 enim
704 1626 756 1666 fas
770 1627 909 1672 est,vbi
928 1627 1003 1667 haec
1026 1631 1164 1680 peccati
1187 1627 1318 1680 specics
1339 1626 1432 1664 clare
1456 1629 1673 1678 exprimitur
1693 1627 1765 1664 Dei
1785 1626 1932 1680 respon-

112 1677 270 1723 s0,alias
292 1685 499 1734 imaginari.
521 1683 587 1722 Sed
609 1697 679 1736 qua
701 1686 737 1720 in
757 1696 860 1735 parte
885 1683 993 1721 fuerit
1013 1682 1224 1721 incredulus
1242 1679 1542 1735 ambigiturmisi
1564 1682 1666 1732 quod
1688 1694 1931 1730 interrogans,

111 1747 161 1770 an
182 1749 317 1787 aquam
336 1737 451 1775 eliciet
471 1737 620 1790 epetra,
642 1738 785 1775 videtur
805 1751 981 1789 tanquam
1002 1737 1231 1790 impossibile
1254 1743 1291 1776 ὃς
1313 1736 1515 1775 absurdum
1536 1741 1680 1775 reiicere
1699 1736 1804 1787 quod
1826 1739 1931 1775 Deus

111 1784 148 1823 se
165 1788 350 1827 facturum
373 1793 604 1842 promiserat.
638 1795 680 1829 Et
698 1791 793 1829 certe
811 1795 849 1830 in
868 1795 1071 1843 reputanda
1091 1807 1224 1830 eorum
1241 1796 1478 1829 contumacia
1499 1791 1574 1831 fere
1593 1791 1730 1832 defixus
1744 1819 1752 1834 ,
1765 1803 1928 1843 gratiam

112 1843 190 1881 Dei
210 1855 288 1880 non
313 1844 470 1883 admisit.
492 1848 635 1896 Qiaerit
651 1859 699 1881 an
719 1859 856 1896 aquam
876 1859 918 1882 ex
931 1859 1021 1896 rupe
1031 1846 1170 1882 eliciet:
1193 1851 1295 1898 atqui
1315 1846 1497 1882 recordari
1518 1845 1697 1882 debuerat
1714 1845 1752 1895 id
1773 1849 1848 1883 iam
1863 1844 1929 1882 sibi

110 1898 258 1951 pridem
279 1898 456 1936 diuinitus
475 1897 574 1937 fuisse
599 1897 819 1937 concesium.
852 1898 982 1938 Secure
1000 1900 1111 1951 igitur
1130 1897 1279 1936 asserere
1299 1897 1449 1936 decebat
1467 1898 1571 1948 quod
1593 1901 1725 1936 iterum
1745 1897 1928 1951 promise-

109 1954 275 1991 ratidem
299 1955 422 1995 Deus,
436 1955 553 2002 magis
564 1953 676 2002 quam
698 1952 913 1987 dubitanter
923 1953 1042 2000 loqui.
1066 1954 1140 1988 Alii
1163 1952 1648 2002 peccaffeexistimant,quia
1672 1957 1745 1991 lehi
1758 1966 1834 1991 vno
1848 1968 1927 1991 non

109 2018 319 2050 contentus,
335 2005 388 2044 bis
400 2018 530 2058 rupem
544 2004 762 2046 percusserit.
780 2005 822 2041 Et
842 2002 913 2040 hoc
932 2000 1028 2040 forte
1038 2016 1081 2040 ex
1094 2002 1297 2040 diffidentia
1308 2015 1441 2039 natum
1454 2003 1516 2042 est.
1536 2003 1594 2042 sed
1612 2009 1834 2056 principium
1848 2023 1928 2056 ma7

110 2062 234 2106 lifuit,
249 2075 326 2099 non
347 2051 555 2113 simpliciter
575 2060 745 2112 ampleffl
768 2059 836 2097 Dei
856 2056 1156 2110 promissionem,
1181 2065 1211 2096 8<
1229 2056 1374 2095 strenue
1395 2055 1522 2095 officio
1541 2057 1604 2095 suo
1626 2058 1777 2115 defungi
1796 2066 1832 2099 in
1853 2078 1928 2111 eius

110 2118 181 2156 fide
200 2116 371 2154 testanda.
394 2118 488 2169 Ergo
499 2128 538 2153 vt
549 2115 684 2167 duplex
702 2120 802 2167 rupis
822 2112 1000 2167 percuslio
1016 2112 1266 2165 trepidationis
1277 2112 1454 2151 indicium
1474 2112 1598 2157 fuerit,
1613 2114 1700 2153 mali
1719 2120 1845 2155 tamen
1867 2133 1926 2156 ac-

110 2171 214 2211 cessio
226 2172 373 2210 tantiam
385 2170 467 2216 fuit,
478 2184 555 2210 non
567 2183 675 2223 caput
685 2170 743 2208 vel
754 2169 868 2208 causa.
880 2169 1006 2221 Itaque
1018 2168 1090 2206 sem
1099 2167 1256 2221 perilluc
1268 2168 1381 2206 redire
1392 2171 1564 2206 conuenit
1576 2198 1584 2212 ,
1599 2168 1732 2209 Mosen
1749 2173 1832 2216 Deo
1843 2173 1927 2225 glo·

113 2230 207 2267 riam
220 2241 300 2265 non
316 2225 444 2265 dedisse
459 2243 467 2265 ε
482 2228 566 2281 quia
582 2227 697 2277 magis
710 2225 861 2278 respexit
880 2223 968 2277 quid
978 2225 1128 2262 meritus
1147 2222 1228 2262 effer
1247 2224 1411 2276 populus
1429 2223 1541 2276 quam
1565 2225 1635 2262 Dei
1655 2224 1857 2278 potentiam
1879 2243 1925 2267 ae-

96 2282 273 2326 ,stimauit
282 2296 324 2320 ex
338 2284 411 2320 cius
424 2280 671 2337 verbo.Qod
683 2287 793 2320 etiam
806 2280 971 2332 superior
979 2281 1178 2331 increpatio
1188 2279 1375 2322 deuotam
1383 2278 1419 2316 bi
1432 2280 1644 2318 rebellionis
1659 2279 1829 2322 israelitas
1839 2297 1924 2321 accu

95 2327 190 2378 'sans
199 2367 209 2383 ,
225 2338 350 2376 san<sto
362 2337 511 2391 quidem
524 2337 603 2375 zelo
614 2336 768 2388 flagrare
781 2335 815 2374 se
824 2333 1000 2374 ostendit:
1014 2334 1075 2372 sed
1085 2336 1230 2372 interim
1241 2347 1315 2372 non
1329 2334 1482 2388 insurgit
1494 2350 1566 2386 qua
1578 2349 1642 2387 par
1651 2349 1725 2374 erat
1737 2337 1869 2377 fidu-cia
1880 2339 1926 2387 ad

108 2393 210 2447 lpsos
220 2393 547 2448 coarguedoszimo
558 2391 765 2446 quodamm
772 2393 847 2430 odo
867 2391 1002 2429 fatetur
1013 2404 1142 2428 eorum
1155 2390 1301 2428 malitiae
1314 2389 1550 2428 succumbere
1562 2392 1633 2429 Dei
1645 2393 1925 2431 virtutedeeo

109 2451 147 2489 in
172 2449 317 2488 Psalmo
339 2449 649 2501 dicitur,propter
665 2462 726 2486 eos
741 2445 872 2485 Mosen
891 2443 989 2484 fuiffe
1006 2445 1249 2494 damnatum,
1262 2447 1345 2498 quia
1355 2444 1522 2498 spiritum
1549 2448 1622 2484 eius
1640 2449 1924 2493 exacerbarunt,

109 2517 151 2543 vt
161 2505 377 2558 loqueretur
399 2518 465 2543 ore
475 2502 553 2543 suo.
576 2502 650 2541 Illic
661 2507 761 2541 enirn
785 2515 863 2541 non
877 2498 1018 2540 excusat
1040 2500 1176 2539 Mosen
1202 2500 1473 2553 Prophetazsed
1485 2502 1574 2540 dum
1596 2502 1771 2554 praeualet
1789 2517 1924 2555 ‘prum

109 2560 350 2613 improbitas,
361 2558 637 2598 inconsiderato
659 2555 816 2605 feruore,
826 2557 1023 2608 abreptum
1042 2554 1142 2594 fuiffe
1152 2557 1256 2600 dicit,
1267 2569 1307 2594 vt
1323 2558 1401 2595 fore
1414 2570 1558 2608 negaret
1576 2557 1684 2608 quod
1708 2559 1810 2597 Deus
1826 2559 1861 2596 se
1871 2559 1923 2598 fa-

109 2617 258 2654 &urum
270 2614 498 2667 promiserat.
522 2614 635 2652 Vnde
645 2613 825 2652 discamus
842 2611 886 2650 fic
898 2611 999 2651 irasci
1015 2611 1139 2651 ahenis
1150 2616 1304 2665 peccatis
1314 2641 1323 2657 ,
1338 2626 1385 2651 ne
1396 2612 1532 2651 diuersa
1544 2615 1699 2651 tentatio
1719 2612 1839 2652 sensus
1852 2628 1923 2651 no-

109 2670 203 2710 stros
214 2682 375 2723 occupet.

165 2742 200 2765 12
250 2737 334 2766 Dixit
355 2729 453 2766 ieboua
461 2729 502 2765 ad
517 2731 625 2777 Mosen.
666 2726 783 2765 Hic&
797 2726 937 2763 crimen
959 2737 1088 2762 eorum
1102 2723 1244 2776 profert
1263 2723 1363 2762 Deus
1376 2727 1413 2762 in
1435 2726 1601 2765 medium
1616 2753 1624 2767 ,
1637 2729 1674 2761 δε
1696 2736 1842 2775 poenam
1858 2725 1919 2762 de-

109 2786 261 2822 nuntiat
281 2814 288 2822 .
320 2783 440 2820 Porro
453 2797 567 2834 quum
589 2782 787 2821 infidelitas
799 2793 911 2832 graue
930 2793 994 2833 per
1007 2779 1088 2818 se&
1105 2777 1313 2817 detestabile
1335 2778 1479 2818 malum
1492 2783 1532 2819 sit
1544 2809 1552 2824 ,
1565 2780 1710 2830 culpam
1731 2792 1923 2830 exaggerat

93 2840 215 2877 ·Deus
226 2837 272 2877 ab
294 2835 422 2876 effeetu
434 2853 442 2876 :
456 2843 541 2889 quia
551 2837 739 2876 fraudatus
749 2837 859 2875 fuerit
870 2835 931 2873 sua
942 2834 1060 2886 gloria
1071 2864 1081 2879 ,
1094 2835 1183 2873 dum
1203 2832 1326 2872 Moses
1339 2840 1373 2872 ὅ(
1389 2834 1539 2873 Aharon
1551 2865 1559 2879 ,
1573 2837 1636 2886 qui
1650 2847 1836 2885 praecones
1858 2833 1923 2872 esse

109 2892 315 2932 debuerant
327 2893 499 2931 miraculi
511 2896 627 2946 ‚quasi
637 2894 779 2947 pudore
791 2892 932 2929 confusi
942 2892 1072 2930 iacent.
1101 2890 1203 2928 Nam
1216 2902 1256 2928 vt
1266 2903 1397 2928 eorum
1409 2891 1576 2929 securitas
1600 2901 1848 2927 attentionem
1861 2903 1920 2927 ex-

109 2948 271 2993 citando,
283 2962 432 2987 nomen
446 2949 517 2986 Dei
527 2947 791 2992 sanetificaffet,
802 2949 852 2985 ita
866 2959 997 2984 eorum
1016 2945 1216 2984 descistione
1236 2945 1374 2984 factum
1387 2946 1435 2984 est
1446 2959 1485 2983 vt
1496 2957 1665 2998 putarent
1683 2957 1817 2982 omnes
1829 2943 1923 2984 nihil

109 3003 155 3043 ab
169 3018 212 3043 eo
223 3003 446 3058 sperandum
459 3001 525 3041 esse
534 3004 669 3043 auxilii.
693 3000 883 3042 Caereriun
895 2999 994 3054 quod
1004 3000 1166 3052 ingenue
1182 2999 1304 3040 Moses
1315 3013 1393 3038 non
1408 3002 1552 3053 culpam
1567 2998 1686 3037 modo
1697 2999 1832 3037 fatetur
1843 3029 1851 3043 ‚
1862 2999 1922 3038 sed

94 3055 218 3098 'etiam
232 3060 345 3099 refert
356 3059 553 3113 quomodo
565 3060 676 3098 fucrit
688 3060 795 3098 &Deo
807 3056 1060 3101 damnatus,&
1074 3057 1150 3107 quo
1160 3060 1312 3107 grauior
1324 3057 1361 3092 sit
1373 3055 1720 3107 ignominia,ipsum
1735 3057 1832 3105 quasi
1844 3054 1861 3092 ὲ
1873 3058 1919 3093 tri

108 3114 239 3154 bunali
249 3115 465 3169 loquentem
479 3116 622 3154 inducit
632 3146 640 3159 ,
653 3116 697 3154 ad
708 3111 960 3153 stabiliendam
973 3112 1147 3151 doctrinar
1159 3105 1354 3149 eius'fidem
1367 3126 1447 3149 non
1458 3124 1590 3163 parum
1604 3109 1805 3159 valet.Quis
1817 3124 1916 3148 enirn

106 3170 348 3214 mortalium,
374 3172 437 3208 nisi
448 3175 510 3224 qui
525 3169 558 3208 se
576 3175 683 3209 omni
704 3159 956 3208 carnisaffeeiu
984 3166 1206 3206 abdicauerit
1220 3195 1228 3210 ‚
1247 3167 1377 3218 sponte
1406 3170 1440 3204 se
1453 3180 1577 3204 coram
1592 3178 1674 3204 toto
1696 3164 1842 3203 mundo
1862 3178 1918 3202 re-

109 3239 174 3263 um
187 3226 300 3265 facere
312 3226 660 3264 sustineat÷Virtutes
674 3227 748 3265 cius
761 3222 930 3274 angelicae
943 3236 1114 3275 poterant
1126 3236 1213 3261 eum
1227 3223 1384 3260 eximere
1393 3220 1438 3260 ab
1452 3223 1558 3259 omni
1570 3220 1704 3260 sinistra
1714 3233 1817 3259 nota.
1833 3218 1919 3258 Vna

109 3281 258 3321 tantum
269 3286 308 3320 in
319 3295 358 3320 re
367 3280 482 3336 lapsus
491 3308 502 3324 ,
515 3278 667 3320 dedecus
677 3281 778 3335 quod
786 3291 908 3331 tegere
924 3290 1086 3333 poterat,
1098 3281 1134 3317 in
1148 3275 1316 3316 medium
1338 3277 1495 3329 profert,
1508 3290 1572 3316 nec
1581 3276 1643 3316 sibi
1655 3274 1841 3314 detrahere
1850 3274 1920 3314 du-

1647 3333 1754 3382 yy.ii.

1951 284 2031 314 Phila.
2036 285 2057 312 b.
2063 294 2096 325 ¹3·

1947 2451 2128 2489 psalmat-32·
