2238 3587
793 69 1312 117 INGENESIN.
1867 94 1915 133 ¹33

170 140 528 192 sve-quaquamstdrififh.
587 137 683 176 Non
698 138 828 178 multis
839 141 960 182 verbis
969 141 1089 194 litigat
1110 143 1292 195 AngeluS,
1304 142 1364 181 sed
1372 142 1515 196 praecise
1532 144 1657 184 falsam
1671 148 1913 198 negationem

98 195 243 235 refutat.
270 196 367 236 Hinc
376 191 557 232 discamus
576 193 683 232 nullo
697 208 768 232 nos
777 195 947 247 profe&u
956 196 1207 249 tergiuersari,
1217 197 1281 235 vbi
1293 198 1312 235 Ξι
1326 201 1505 238 Domino
1517 206 1662 252 arguim
1670 215 1729 239 ur:
1743 206 1829 252 quia
1839 216 1911 241 nos

95 264 176 290 vno
187 248 313 287 statim
324 247 439 286 verbo
450 247 874 300 iugulabit.Cauendum
887 265 979 305 ergo
991 266 1039 291 ne
1048 256 1245 291 imitemur
1255 266 1389 291 eorum
1401 255 1646 306 petulantiam
1660 260 1721 310 qui
1735 261 1838 295 vanis
1848 271 1911 294 co-

96 303 240 345 ionbus
254 306 338 344 Deo
349 303 526 350 illudunt:
535 309 572 341 ὅ(
582 305 733 341 tandem
743 308 890 344 irruunt
902 310 940 344 in
951 306 1104 345 erass'um
1117 310 1192 345 eius
1204 320 1479 360 contemptum.
1497 311 1643 361 Vtcunq
1650 326 1690 349 ue
1702 314 1802 350 eni‘rn
1815 310 1913 350 diffi-

95 359 217 400 mulet
227 359 275 398 ad
284 356 621 409 tempus,h0rrib1'li
632 371 758 397 tamen
771 359 835 397 ista
844 373 936 399 voce
945 366 987 399 in
1000 366 1120 415 capita
1131 361 1254 399 nostra
1264 359 1540 412 fulminabit‚N
1548 369 1659 404 onita
1673 367 1718 404 est
1729 378 1769 404 vt
1780 366 1912 405 obten-

96 415 235 456 ditis.In
247 411 412 456 summa,
424 427 506 451 non
519 411 649 451 sufficit
660 418 815 452 reuereri
837 416 910 454 Dei
921 415 1106 455 iudicium
1120 444 1129 460 ‚
1142 419 1207 453 nisi
1220 430 1331 454 etiarn
1343 430 1484 469 peccata
1496 418 1617 457 nostra
1638 422 1800 471 ingenue
1816 428 1852 460 ὃ(
1871 425 1911 459 si-

94 468 530 521 netergiuersatione‚ve1
540 482 598 506 am
607 468 764 521 bagibus
776 469 950 512 fatemur.
965 472 1115 524 Duplex
1126 473 1228 509 enim
1240 472 1387 510 dinatio
1401 486 1464 510 eos
1475 486 1604 512 omnes
1615 488 1744 513 manet
1757 481 1819 528 qui
1835 479 1908 516 Dei

95 525 278 565 iudicium
292 522 450 575 effugere
458 523 686 567 volentes,ad
697 521 998 565 distimulationis
1009 526 1152 579 asylum
1165 525 1198 563 se
1210 527 1421 567 conferunt.
1438 528 1534 566 Pura
1545 532 1659 580 igitur
1669 529 1848 570 afferenda
1861 532 1912 570 est

95 577 275 619 confessio
286 608 296 624 ,
307 590 348 617 vt
356 577 476 630 aperte
499 579 583 616 dam
592 581 665 616 nati
675 608 688 627 ,
698 584 850 617 veniam
880 584 1138 632 impetremus.
1169 581 1356 620 Caeterum
1378 582 1479 636 quod
1496 597 1615 622 amica
1633 584 1911 636 reprehensione

95 646 296 674 contentus
309 635 417 681 fuerit
438 635 542 673 Deus
553 661 562 678 ‚
574 646 638 670 nec
649 641 798 685 grauius
809 634 905 673 vltus
924 636 972 674 est
986 636 1124 690 duplex
1136 636 1226 674 Sarae
1238 649 1432 688 peccatum
1445 667 1455 683 ,
1468 637 1553 677 hinc
1564 641 1758 691 perspicim
1767 654 1806 676 us
1817 653 1909 679 vtro

91 693 218 728 miteri
228 690 334 729 nterd
341 702 404 727 um
416 688 489 726 suis
500 688 704 739 indulgeat.
732 689 896 728 Seuerius
909 703 922 729 t
931 693 1084 730 rasi-atus
1095 689 1166 728 fuit
1178 691 1374 730 Zacharias
1383 722 1392 737 ‚
1404 696 1468 747 qui
1478 696 1520 732 ad
1531 707 1674 732 nouem
1686 693 1830 731 menses
1844 696 1910 734 ob-
1925 711 1974 734 Luc
1983 705 2048 744 1.b.9

91 747 254 786 mutuit.
276 745 345 784 Sed
353 742 522 783 nostrum
537 756 616 781 non
627 743 674 781 est
685 757 900 797 perpetuam
913 747 1000 784 Deo
1010 747 1128 798 legem
1139 745 1365 798 praescribere
1376 777 1384 791 ,
1397 751 1459 800 qui
1471 751 1572 787 ficuti
1584 751 1700 802 potuis
1711 747 1792 787 suos
1802 749 1848 788 ad
1857 764 1911 789 re-

91 798 338 853 fipiscentiam
358 797 509 837 adducit
521 816 528 836 ;
539 802 587 837 ita
598 811 743 849 quoties
754 800 874 838 visum
894 799 962 845 eff,
975 801 1070 840 nihil
1083 814 1278 854 poenarum
1295 801 1464 854 infligens
1474 832 1483 847 ,
1494 818 1556 842 eos
1569 806 1649 842 satis
1661 803 1842 842 humiliat.
1868 807 1909 844 In

92 856 179 894 Sara
189 854 342 909 quidem
356 853 534 905 {iugulare
552 854 814 893 misericordiae
834 855 1024 908 specimen
1042 856 1178 900 edidit,
1190 856 1352 909 quodilli
1364 872 1496 897 omnia
1517 859 1730 897 condonans
1742 872 1907 902 ‚manere

91 909 347 949 nihilominus
359 908 479 947 voluit
500 909 660 947 Ecclesiae
673 922 845 950 matrem.
877 913 1017 950 Interea
1029 911 1237 949 notandum
1254 911 1302 949 est
1314 926 1456 965 quanto
1475 913 1584 952 nobis
1596 913 1703 953 satius
1719 917 1756 952 sit
1770 927 1837 952 nos
1848 929 1908 952 co-

91 978 173 1004 ram
183 964 262 1018 ipso
273 978 356 1002 reos
369 968 508 1015 peragi,
525 969 563 1002 δε
574 964 769 1002 conuictos
779 960 876 1005 silere
885 995 896 1011 ‚
908 966 1022 1020 quam
1034 965 1143 1006 nobis
1156 966 1294 1005 delicias
1304 967 1468 1007 facerem
1479 982 1633 1022 peccatis
1643 999 1653 1015 ,
1663 969 1909 1022 quemadmo-

91 1021 182 1059 dum
197 1020 299 1058 bona
312 1032 395 1073 pars
405 1019 542 1059 mundi
557 1019 652 1057 solet.

137 1077 179 1113 16
225 1079 451 1125 nsurrexermn
461 1084 516 1115 usri
523 1080 574 1115 illi.
623 1075 733 1113 Viros
744 1077 876 1115 iterum
890 1077 1048 1130 appellat
1068 1077 1197 1117 Moses
1206 1108 1216 1123 ,
1231 1092 1278 1131 qu
1285 1091 1326 1117 os
1336 1078 1455 1132 aperte
1480 1077 1624 1118 testatus
1644 1078 1693 1117 est
1705 1077 1807 1117 fuiffe
1829 1083 1907 1119 An-

87 1129 270 1182 gelos.Sed
280 1144 421 1168 nomen
433 1130 501 1169 illis
510 1130 529 1168 a
538 1130 663 1168 forma
679 1143 792 1181 quam
805 1133 1002 1170 induerant
1017 1135 1328 1186 imponit.Neque
1339 1147 1462 1173 tamen
1476 1135 1687 1187 putandum
1701 1134 1907 1178 est,c1rcun-

88 1186 194 1224 datos
204 1184 306 1224 fuisse
317 1184 489 1225 humanis
501 1184 723 1238 corporibus
734 1214 743 1230 ,
756 1187 854 1224 sicuti
873 1186 1042 1226 Christus
1060 1201 1235 1227 naturam
1248 1188 1413 1227 nostram
1434 1190 1541 1229 fimul
1552 1203 1637 1228 cum
1651 1203 1758 1228 carne
1775 1191 1904 1229 induit:

88 1240 359 1280 sed-Deusillos
371 1241 590 1294 corporibus
603 1241 649 1278 ad
659 1253 802 1293 tempus
812 1242 947 1287 induit,
958 1245 997 1281 in
1010 1242 1145 1296 quibus
1153 1247 1214 1282 vifi
1221 1244 1312 1283 biles
1325 1242 1393 1282 effe
1404 1244 1539 1298 possent
1551 1244 1710 1284 Abrahae
1720 1273 1730 1287 ‚
1745 1250 1781 1282 ὅ(
1794 1245 1907 1283 fami-

85 1295 221 1334 liariter
234 1310 319 1334 cum
336 1310 381 1335 eo
390 1296 505 1350 loqui.
519 1294 668 1336 Duxisse
678 1309 803 1334 autem
816 1310 878 1334 eos
898 1297 1032 1336 dicitur
1043 1298 1299 1347 Abraham‚n6
1311 1298 1424 1338 officii
1436 1299 1594 1338 humani
1607 1314 1672 1338 cau
1679 1299 1904 1354 sa,qpemad-

85 1351 251 1390 modum
262 1353 373 1390 initio
385 1365 446 1390 cos
460 1363 657 1404 exceperat:
671 1349 726 1389 sed
737 1364 776 1389 vt
788 1350 958 1391 debitum
969 1353 1156 1404 honprem
1171 1353 1323 1405 Angelis
1335 1355 1529 1407 praestaret.
1542 1356 1734 1394 Friuolum
1747 1358 1843 1392 enim
1857 1355 1904 1393 est

86 1409 191 1457 quod
202 1407 370 1445 diuinant
381 1407 550 1461 quidam,
564 1405 720 1445 creditos
731 1405 833 1444 fuiffe
844 1406 889 1446 ab
901 1422 948 1446 eo
963 1410 1035 1446 Dei
1049 1409 1246 1462 Prophetas
1258 1438 1267 1452 ,
1279 1415 1342 1461 qui
1355 1423 1508 1464 propter
1523 1409 1679 1450 verbum
1703 1410 1902 1451 exularent.

84 1461 238 1500 Prorsus
249 1461 381 1501 sciebat
392 1462 559 1514 Angelos
571 1461 638 1500 esse
648 1492 657 1506 ‚
671 1461 995 1513 quemadmodum
1004 1478 1097 1504 mox
1110 1465 1240 1504 clarius
1264 1464 1492 1504 videbimus.
1510 1465 1577 1505 Sed
1589 1469 1625 1504 in
1635 1467 1696 1504 via
1707 1464 1902 1519 prosequi-

89 1528 149 1555 tur
159 1530 254 1569 quos
266 1523 421 1556 retinere
435 1531 514 1554 non
529 1517 648 1555 audet.

118 1586 160 1621 17
191 1585 239 1610 An
249 1589 296 1625 ego
307 1575 394 1610 ‹elai-0
404 1575 558 1611 Abrabam.
576 1572 691 1626 Qod
704 1572 805 1610 Deus
822 1575 919 1626 quasi
932 1573 974 1612 de
983 1587 1023 1612 re
1034 1573 1148 1614 dubia
1164 1575 1396 1620 consultat,id
1409 1573 1494 1614 facit
1506 1578 1545 1612 in
1556 1573 1761 1613 hominum
1772 1578 1900 1627 gratiii.

83 1627 174 1678 quid
184 1641 284 1665 enim
295 1627 454 1666 fidimus
468 1626 565 1671 esset,
578 1631 652 1664 iam
665 1626 748 1665 ante
760 1627 980 1669 decreuerat.
1002 1629 1066 1668 Sed
1078 1628 1200 1667 voluit
1212 1630 1398 1668 Abraham
1410 1629 1483 1667 hoc
1495 1630 1614 1668 modo
1626 1629 1672 1668 ad
1685 1633 1902 1683 reputandas

27 1702 29 1704 ·
83 1681 210 1720 excidii
224 1681 399 1719 Sodomae
412 1682 533 1719 causas
545 1682 689 1719 reddere
700 1695 822 1734 magis
831 1695 1030 1722 attentum.
1045 1685 1152 1722 Duas
1164 1697 1286 1724 autem
1299 1688 1461 1723 rationes
1472 1680 1574 1723 affert
1586 1698 1650 1722 cur
1660 1683 1766 1723 suum
1777 1688 1901 1725 cosilit'i

85 1749 290 1791 antequam
300 1736 984 1789 exequatur,patefaceree1velit.Prior
997 1737 1160 1788 est,quod
1171 1742 1245 1775 iam
1265 1739 1388 1791 ipsum
1407 1740 1576 1789 dignatus
1595 1742 1634 1776 fit
1648 1741 1815 1789 singulari
1826 1741 1897 1779 ho-

83 1793 186 1831 noris
197 1790 409 1845 priuilegio:
422 1789 694 1841 secunda‚quod
704 1790 747 1828 ad
758 1791 924 1843 posteros
935 1791 1155 1831 erudiendos
1164 1793 1201 1831 id
1211 1790 1385 1832 futurum
1393 1794 1431 1830 fit
1445 1792 1532 1831 vtile
1542 1807 1582 1831 ac
1591 1792 1824 1847 frugiferum.
1838 1798 1899 1834 Er—

0 1855 10 1883 r·
83 1861 133 1900 go
144 1847 217 1886 hoc
225 1845 599 1891 verb0,reuelationis
612 1844 740 1897 scopus
752 1853 784 1884 ὅ(
795 1843 880 1885 vsus
893 1846 1049 1885 breuiter
1058 1860 1221 1887 notatur.

0 1899 5 1914 ⁷
138 1907 176 1943 18
232 1915 264 1940 rt
275 1905 418 1942 Abraham
428 1912 481 1941 erit
491 1921 521 1942 m
529 1917 635 1955 geniem
644 1918 780 1955 magnam.
837 1901 1012 1940 Hebraice
1022 1901 1179 1941 habetur
1191 1932 1201 1948 ,
1214 1905 1255 1942 Et
1266 1898 1412 1942 effendo
1423 1907 1500 1941 erit:
1514 1903 1570 1943 sed
1579 1904 1711 1957 copula
1723 1908 1759 1943 in
1769 1905 1899 1943 aduer-

0 1960 20 2005 ,ᾗ
37 1963 40 1967 ’
84 1957 190 1998 bium
204 1957 340 1997 causale
350 1958 482 1997 resolui
494 1958 613 1998 debet.
646 1958 749 1996 Nam
760 1956 837 1995 haec
846 1956 896 1995 est
906 1961 998 1995 ratio
1009 1969 1123 2010 quam
1136 1960 1339 2010 attigimus,
1354 1959 1455 2012 quod
1469 1960 1571 1998 Deus
1581 1958 1769 1998 horribilis
1782 1959 1849 1998 suae
1859 1974 1895 1998 in

0 2014 20 2050 ἓ.
83 2014 299 2053 Sodomitas
311 2014 480 2053 vindi&ae
490 2013 682 2053 conscium
694 2011 810 2051 faeere
820 2011 908 2051 velit
920 2014 1065 2051 seruum
1078 2013 1292 2065 suum,quia
1303 2012 1548 2067 peculiaribus
1560 2013 1679 2067 ipsum
1692 2017 1800 2054 donis
1812 2028 1897 2054 ante

0 2049 22 2110 l
84 2069 175 2108 alios
188 2083 321 2108 omnes
332 2070 599 2108 ornauci·at.Sic
610 2072 709 2107 enim
721 2072 915 2107 continuat
923 2068 986 2106 sua
1000 2068 1171 2108 beneficia
1184 2082 1268 2120 erga
1280 2069 1417 2109 fideles,
1429 2069 1509 2108 imo
1519 2082 1682 2121 auget‚ac
1691 2074 1812 2123 priora
1827 2084 1876 2108 no
1888 2095 1900 2102 -

20 2128 26 2132 ”
80 2128 142 2163 uis
153 2124 432 2179 recentibusque
441 2123 596 2164 subinde
607 2122 787 2164 cumulat.
819 2129 937 2175 Atque
947 2126 985 2161 in
996 2122 1100 2162 hunc
1112 2121 1273 2163 modum
1288 2124 1454 2178 quotidie
1464 2123 1663 2163 nobiscum
1675 2131 1766 2178 agit,
1790 2126 1895 2180 Qid

83 2183 187 2220 enim
199 2179 311 2219 causae
325 2180 374 2219 est
383 2194 448 2218 cur
459 2179 599 2232 assiduo
611 2192 739 2217 tenore
749 2184 965 2218 innumeras
976 2178 1088 2229 nobis
1098 2181 1230 2231 gratias
1243 2181 1485 2222 conferat,nifi
1497 2185 1582 2232 quia
1595 2180 1667 2218 sem
1676 2181 1707 2218 el
1720 2195 1787 2218 nos
1799 2194 1896 2234 pater

82 2248 135 2274 no
148 2250 275 2275 amore
285 2232 521 2290 complexus,
533 2234 693 2288 seipsum
705 2233 887 2287 abnegare
900 2247 979 2272 non
996 2234 1112 2287 potest
1126 2235 1303 2287 ÷ideoque
1315 2233 1472 2288 seipsum
1484 2240 1521 2274 in
1535 2235 1643 2274 nobis
1659 2234 1798 2289 suaque
1825 2236 1894 2274 do-

83 2304 134 2329 na
143 2292 430 2343 quodammodo
440 2291 616 2330 honorat.
626 2287 728 2344 Qid
737 2293 840 2328 enim
850 2289 910 2328 hic
920 2302 1047 2343 praeter
1056 2293 1213 2342 gratuita
1225 2291 1288 2329 sua
1298 2292 1397 2330 dona
1407 2304 1680 2329 commemorat
1700 2304 1708 2329 ε
1725 2293 1821 2343 Ergo
1834 2293 1893 2330 be-

0 2292 22 2409 ,
84 2347 289 2384 neficentiae
298 2341 496 2386 materiam
507 2361 550 2386 ex
560 2345 678 2400 seipso
689 2375 698 2391 ‚
710 2359 784 2384 non
795 2359 839 2384 ex
864 2343 1020 2384 Abrahae
1033 2349 1173 2384 meritis
1186 2345 1300 2386 sumit
1313 2379 1320 2389 .
1353 2362 1469 2401 neque
1483 2351 1586 2386 enim
1600 2347 1747 2386 aliunde
1770 2346 1887 2386 Abra-

78 2399 138 2440 hae
152 2401 364 2443 benedictio
377 2405 485 2442 fluxit
504 2402 617 2457 quhm
628 2417 669 2442 ex
679 2402 814 2442 diuinae
824 2400 951 2444 fonte«
980 2401 1304 2452 Discimusautem
1319 2416 1359 2441 ex
1371 2403 1539 2441 hocloco
1550 2432 1559 2447 ,
1571 2403 1673 2457 quod
1694 2406 1801 2442 etiam
1827 2415 1884 2441 ex-

82 2461 260 2510 perientia
281 2458 387 2497 docet
399 2489 411 2507 ,
423 2459 601 2512 peculiare
618 2457 683 2497 esse
703 2458 857 2497 Ecclesiae
878 2458 1120 2511 priuilegium
1132 2488 1142 2505 ‚
1154 2454 1378 2514 &ignoscere
1398 2458 1488 2512 quid
1500 2458 1565 2497 sibi
1585 2458 1698 2497 velint
1716 2465 1752 2497 ὃς
1776 2472 1889 2510 quor—

0 2477 43 2613 ,
83 2510 166 2550 sum
188 2510 348 2567 spectent
368 2515 439 2552 Dei
458 2515 601 2556 iudicia.
625 2515 728 2552 Deus
745 2514 898 2566 quidem
917 2512 1106 2553 sceleribus
1118 2527 1245 2568 poenas
1255 2513 1439 2568 infligens,
1447 2514 1570 2568 palam
1582 2512 1614 2552 se
1626 2513 1740 2567 reipsa
1751 2513 1887 2551 mundi

18 2606 26 2619 Ι,
81 2568 248 2606 iudicem
257 2567 401 2621 probati
415 2568 565 2622 sedquia
577 2568 732 2608 fortuito
742 2569 906 2608 accidere
925 2573 1062 2609 omnia
1081 2569 1265 2615 videntur,
1281 2571 1474 2610 Dominus
1488 2583 1551 2624 per
1569 2568 1726 2609 verbum
1739 2568 1888 2621 affulget

0 2619 21 2634 *'
56 2640 59 2641 ⁷
83 2622 167 2661 filiis
181 2622 310 2668 sumne
320 2634 405 2662 cum
417 2624 612 2664 incredulis
622 2627 822 2665 caecutiant.
835 2625 893 2663 Sic
903 2623 998 2663 olim
1009 2633 1296 2677 quum‘manum
1307 2624 1410 2664 suam
1423 2625 1468 2664 ad
1480 2638 1611 2664 omnes
1621 2626 1756 2663 mundi
1767 2625 1888 2676 plagis

8 2693 14 2695 >
84 2678 290 2718 extenderet
299 2708 308 2725 ‚
320 2683 358 2718 in
370 2679 497 2719 *Iudaea
508 2693 631 2719 tamen
643 2680 784 2719 sacrum
795 2694 836 2719 os
847 2679 869 2718 s
864 2693 956 2718 uum
980 2684 1183 2720 continuit:
1199 2681 1271 2719 hoc
1280 2680 1329 2720 est
1339 2711 1348 2726 ‚
1360 2695 1479 2733 quum
1489 2693 1615 2734 gentes
1628 2694 1760 2718 omnes
1770 2679 1889 2717 feriret

84 2733 250 2773 cladibus
268 2740 305 2773 &
317 2735 424 2774 rebus
435 2735 590 2775 aduersis
599 2765 609 2781 ‚
620 2734 743 2775 solum
755 2749 879 2775 tamen
903 2736 1062 2775 eleaum
1072 2737 1258 2790 populum
1270 2735 1386 2775 verbo
1398 2738 1596 2775 admonuit
1604 2750 1666 2788 per
1678 2734 1889 2787 Prophetas,

85 2803 210 2828 earum
223 2789 257 2828 se
267 2787 336 2829 effe
348 2791 644 2830 authoremzimo
653 2805 739 2830 ante
748 2793 854 2845 tffpus
863 2791 945 2829 fore
955 2792 1132 2844 praedixit,
1143 2791 1470 2844 quemadmodum
1481 2791 1638 2830 habetur
1648 2792 1741 2843 apud
1759 2794 1785 2826 Α
1793 2802 1888 2843 mos,
1905 2808 1976 2834 Am„
1986 2806 2024 2844 31,
2032 2817 2060 2843 7,

85 2847 142 2882 An
153 2850 221 2884 erit
230 2849 431 2900 quicquam
449 2848 550 2899 quod
560 2847 720 2886 occultet
731 2848 924 2885 Dominus
935 2848 1043 2886 seruis
1058 2847 1128 2886 suis
1143 2847 1648 2901 ProphetiseMeminerimus
1661 2860 1745 2897 ergo
1759 2846 1886 2883 Deum

85 2911 126 2937 ex
135 2914 210 2952 quo
230 2902 412 2942 beneficus
425 2917 510 2955 erga
528 2916 594 2941 nos
604 2901 671 2941 esse
690 2906 803 2956 coepit
815 2931 825 2947 ‚
837 2914 1035 2954 nunquam
1058 2901 1204 2956 fatigari
1214 2933 1223 2949 ,
1235 2902 1358 2941 donec
1371 2902 1448 2943 suas
1457 2907 1590 2956 gratias
1611 2901 1697 2940 alias
1708 2899 1784 2938 aliis
1797 2904 1887 2938 co'n-

85 2955 269 3001 texens,sal
277 2971 376 2996 utem
389 2958 553 2997 nostram
571 2958 767 3012 compleat.
785 2958 931 2997 Deinde
944 2957 1138 3010 postquam
1160 2973 1231 2997 nos
1242 2958 1356 2997 semel
1365 2958 1573 3012 adoptauit,
1589 2956 1758 2996 &illuxit
1775 2965 1887 2994 'men-

85 3008 181 3048 tibus
193 3012 321 3051 nostris
332 3026 395 3066 per
407 3012 564 3052 verbum
584 3013 690 3052 suum
704 3043 713 3058 ‚
725 3013 831 3052 simul
841 3011 1003 3051 eiusdem
1022 3013 1124 3052 verbi
1142 3013 1258 3052 facem
1270 3026 1396 3052 tenere
1419 3026 1506 3052 ante
1516 3012 1644 3051 oeulos
1658 3011 1806 3049 n'ostros
1827 3025 1885 3049 ac-

85 3063 225 3104 censam
237 3096 247 3112 ,
258 3080 299 3106 vt
309 3069 444 3108 iudicia
461 3075 498 3107 δε
519 3082 647 3121 poenas
668 3068 839 3107 scelerum
861 3082 950 3121 quas
962 3071 1068 3119 impii
1081 3068 1199 3108 secure
1223 3069 1418 3122 negligunt
1428 3098 1436 3112 ,
1448 3069 1517 3106 fide
1528 3066 1806 3107 confideremus.
1834 3066 1887 3104 Ita

86 3119 205 3158 fideles
225 3137 262 3161 in
274 3124 486 3177 reputandis
503 3129 679 3162 omnium
698 3137 770 3162 tem
778 3126 871 3177 potu
882 3122 1040 3162 historiis
1050 3124 1183 3163 versari
1195 3125 1292 3163 decet
1302 3153 1311 3168 ‚
1321 3137 1361 3162 vt
1370 3124 1412 3161 de
1427 3125 1539 3161 variis
1548 3121 1708 3160 cladibus
1716 3128 1800 3175 'quae
1809 3124 1883 3175 pri-

87 3177 201 3213 uatim
222 3183 259 3215 8(
271 3178 415 3230 publice
427 3181 552 3228 impiis
569 3180 779 3218 acciderunt
790 3208 799 3223 ,
811 3178 950 3231 semper
974 3179 1157 3218 iudicium
1170 3194 1212 3218 ex
1226 3180 1408 3231 Scriptura
1422 3177 1568 3216 fatiant.
1601 3177 1744 3215 Verum
1758 3180 1884 3230 quaeri-

86 3241 145 3267 tur
156 3243 202 3268 an
214 3245 350 3285 exponi
371 3233 525 3274 Abrahae
537 3234 670 3274 nccesse
681 3231 790 3273 fuerit
809 3234 980 3272 Sodomae
991 3234 1179 3273 excidium
1201 3245 1397 3286 antequam
1410 3231 1596 3274 accideret.
1643 3231 1881 3286 Respondeo,

84 3290 262 3336 quoniam
274 3287 368 3327 adeo
378 3289 525 3330 hebetes
535 3288 660 3330 sumus
671 3293 706 3329 in
720 3288 894 3345 operibus
913 3289 985 3328 Dei
997 3291 1227 3343 reputandis,
1237 3287 1396 3327 minime
1406 3285 1669 3342 superuacuam
1681 3286 1782 3327 fuiffe
1791 3286 1884 3325 hanc

1584 3357 1665 3385 m.1,
