2238 3587
314 118 392 169 566
776 110 1351 152 NVMEROKCAP.
1398 109 1553 155 xxv,
1591 108 1618 140 υ

308 202 416 243 atque
428 189 475 226 ita
484 199 543 224 eos
554 180 742 223 infimtfiat
752 181 896 220 violatae
908 182 988 221 fidei
999 188 1038 221 δε
1049 179 1222 219 sceleratae
1233 180 1420 220 defeffioni
1426 194 1455 221 s.
1477 183 1521 219 Et
1532 192 1655 219 tamen
1664 178 1780 234 proba
1787 179 1860 219 bile
1886 181 1935 220 est
1954 195 2035 221 non
2052 183 2109 222 su·

310 243 520 298 pei-stitione
541 237 735 276 industum
746 235 846 275 fuiffe
867 237 1050 289 populum
1061 265 1071 280 ,
1085 236 1143 274 sed
1157 236 1354 274 mulierum
1365 235 1511 274 fallaciis
1519 235 1716 290 pellefimm
1731 263 1740 280 ,
1752 235 1861 275 idolis
1871 249 1951 287 quae
1969 237 2108 288 sperne‘

312 300 372 338 bat
383 297 523 334 cultum
535 290 740 330 exhibuisse.
755 293 868 343 Atqui
880 293 1051 331 audimus
1065 293 1151 343 quid
1166 295 1382 344 pronuntiet
1394 293 1495 330 Deus
1506 319 1517 336 ,
1528 291 1686 330 astrid’ms
1697 289 1794 329 fuisse
1806 290 1923 336 idolo,
1935 293 2036 343 quod
2046 306 2109 344 pet·

310 351 586 392 simulationem
598 346 769 385 colebant
777 360 828 390 ,vt
839 351 949 386 more*
956 359 1121 399 gererent
1130 345 1312 399 improbis
1323 346 1524 385 mulierum
1535 348 1744 387 votisHinc
1754 360 1842 398 ergo
1853 346 2037 397 colligitur
2045 360 2107 400 ge-

310 406 440 447 neralis
453 401 695 446 doetrina,vbi
705 401 725 440 a
735 415 826 454 pura
838 402 1018 454 religione
1028 401 1557 454 deflestimus‚quodammodo
1569 415 1638 440 nos
1649 402 1777 454 paci-sci
1789 401 2051 446 cum-idolis5vt
2063 402 2107 441 εὖ

310 461 391 515 ipsis
402 462 439 497 in
451 471 569 496 vnum
580 470 711 510 corpus
721 457 1018 502 coalescamus‚&
1028 456 1233 510 conspirare
1251 460 1289 494 in
1301 457 1584 508 abnegationem
1596 462 1673 494 veri
1687 457 1770 496 Dei.
1780 456 1863 495 Baal
1874 468 1963 495 tunc
1972 470 2058 495 cum
2070 471 2112 495 o-

311 515 463 555 mnibus
473 513 549 551 fere
558 512 670 551 idolis
681 525 887 551 commune
898 511 969 551 fuit
980 514 1104 551 nome
1120 510 1329 564 Epithetum
1338 512 1426 550 vero
1438 513 1582 551 additur
1591 510 1845 550 Moabitarum
1856 510 1997 557 id010,a
2008 513 2112 551 more

313 572 415 611 Peor.
439 566 572 620 Neque
583 571 685 606 enim
694 567 842 606 videtur
853 568 1046 619 quaerenda
1057 565 1123 605 effe
1133 567 1284 620 longior
1301 566 1528 620 etymologia
1537 596 1546 611 ‚
1561 581 1679 620 quum
1690 580 1834 605 nomen
1846 572 1987 609 montis
1996 566 2111 621 paulo
2137 600 2147 606 ,,
2169 604 2175 610 ,

312 625 395 665 ante
407 625 499 663 fueri
505 637 518 662 t
528 622 743 676 expressum.
753 623 892 661 Similis
904 636 992 673 ergo
1003 622 1073 659 fuit
1086 624 1178 660 ratio
1188 634 1295 673 atque
1305 626 1344 661 in
1357 623 1507 675 Papatu,
1519 622 1611 661 dum
1620 623 1701 660 suas
1715 622 1856 661 Marias
1865 621 1886 660 a
1895 621 1985 662 locis
1996 624 2136 662 deno-e
2164 627 2171 629 ’
2234 638 2238 649 ·

313 678 541 724 minant,vbi
553 677 674 716 statuae
687 683 804 730 magis
816 677 965 716 famosae
980 677 1162 716 coluntur.
1462 712 1463 715 ,

356 751 385 786 4
433 751 466 774 rt
477 739 553 774 dixit
568 737 667 773 rebam
678 738 719 773 ad
735 738 842 782 Mosen.
891 734 1022 784 Saepius
1032 732 1114 771 ante
1132 729 1252 770 visum
1264 731 1328 778 est,
1340 734 1466 771 Deum
1486 730 1593 785 perse
1612 730 1804 771 exercuisse
1815 731 1895 771 suas
1913 732 2107 778 vindictas,

310 791 411 844 quasi
423 803 541 831 exerta
554 795 572 828 e
594 790 682 829 caelo
696 802 812 827 manu
823 805 830 825 :
843 802 945 825 nunc
962 786 1026 826 has
1042 801 1158 841 partes
1181 790 1277 826 Mosi
1288 791 1459 839 iniungit.
1471 802 1687 841 quanquam
1698 801 1740 826 ex
1759 799 2109 840 contextuapparet‚

309 861 388 884 non
401 845 522 898 ipsum
535 844 657 884 solum
670 844 801 897 praefici
812 847 1039 888 executioni,
1050 843 1110 881 sed
1121 843 1213 881 alios
1225 844 1332 881 etiam
1351 846 1498 884 iudices,
1519 844 1714 881 Continuo
1725 857 1825 882 enirn
1841 842 1921 896 post
1932 841 2104 894 sequitur,

309 897 637 940 Moscn'iudi'cibus
649 901 745 938 idem
758 897 962 938 mandasse:
976 898 1109 950 quibus
1122 898 1242 937 verbis
1255 898 1384 938 clarius
1401 899 1616 951 exprimitur
1627 897 1730 952 quod
1741 898 1790 937 ob
1800 897 2026 937 breuitatem
2039 898 2106 937 ob-

307 957 458 995 scurum
469 969 550 995 erat.
563 954 754 1008 Qicquid
768 957 806 993 sit
815 983 824 998 ‚
838 955 912 993 Dei
923 953 1098 992 iudicium
1112 953 1180 991 fuit
1190 953 1436 993 memorabile
1446 983 1454 998 ,
1463 958 1620 1004 quanuis
1631 954 1805 992 homines
1815 952 2024 993 adhibuerit
2036 957 2109 992 mi-

306 1012 455 1052 nistros.
471 1012 550 1050 Nec
562 1010 692 1048 frustra
703 1010 835 1048 Paulus
852 1023 921 1047 nos
934 1009 1005 1047 hoc
1025 1011 1251 1048 documento
1263 1008 1430 1047 hortatur
1442 1009 1486 1047 ad
1497 1008 1702 1046 cauendam
1721 1010 2003 1048 scortationem.
2029 1009 2109 1047 Poe-

306 1081 360 1106 nae
370 1079 493 1106 autem
504 1074 597 1105 ratio
610 1067 680 1104 fuit
692 1066 826 1104 diuersa
837 1093 846 1108 ,
858 1068 943 1117 quia
953 1065 1209 1117 promiscuum
1222 1064 1356 1116 vulgus
1368 1063 1499 1102 caesum
1513 1064 1596 1108 fuit,
1612 1062 1720 1101 duces
1729 1077 1851 1102 autem
1864 1066 1922 1117 ipsi
1937 1062 2111 1117 patibulis

305 1121 403 1172 affixi
418 1151 428 1166 ,
441 1122 519 1174 quo
532 1121 614 1174 plus
624 1123 770 1159 terroris
781 1125 954 1157 incuteret
972 1119 1226 1172 spesiaculum.
1248 1120 1312 1157 Per
1323 1125 1438 1171 capita
1450 1123 1549 1157 enim
1561 1118 1710 1171 populi,
1722 1132 1785 1157 eos
1807 1119 1977 1171 intelligit
1997 1124 2058 1170 qui
2077 1135 2112 1157 e-

305 1173 554 1216 xistimatione
562 1175 953 1228 praestabant‚quorum
967 1174 1149 1228 insignior
1163 1174 1285 1213 debuit
1298 1175 1362 1213 esse
1374 1174 1739 1225 ignominiazquoni'a
1750 1187 1908 1227 magnos
1921 1181 1957 1212 δε
1969 1175 2112 1214 nobiles

304 1236 405 1272 viros
418 1233 592 1269 omnium
605 1231 678 1269 fere
688 1232 839 1268 conietffli
855 1230 937 1267 sunt
949 1230 1057 1271 oculi,
1071 1231 1166 1268 vnde
1179 1233 1291 1268 etiam
1305 1231 1343 1268 fit
1355 1243 1393 1268 vt
1403 1229 1537 1267 merito
1552 1230 1765 1280 ‘grauiorem
1778 1229 1888 1281 poeni
1906 1226 2110 1276 sustineant,

305 1291 390 1342 quia
410 1285 581 1339 exemplo
604 1289 720 1337 magis
733 1298 871 1324 nocent
890 1284 1002 1338 quam
1015 1285 1186 1323 homines
1206 1284 1370 1329 obscuri,
1384 1298 1546 1336 quorum
1566 1283 1743 1322 faefanon
1762 1296 1838 1322 tam
1851 1283 1954 1322 facile
1965 1284 2009 1322 ad
2027 1286 2110 1324 imi-

304 1341 707 1382 tationemtrahuntur.
724 1341 884 1380 viderint
896 1341 1005 1393 igitur
1023 1355 1086 1394 qui
1098 1343 1138 1378 in
1148 1354 1265 1394 pretio
1284 1340 1491 1384 habentur,
1504 1354 1550 1378 ne
1560 1339 1633 1378 suis
1652 1337 1844 1378 sceleribus
1861 1339 1950 1378 alios
1971 1353 2112 1393 prouo-

305 1411 386 1436 cent
397 1399 441 1436 ad
452 1396 702 1449 peccandum:
718 1411 803 1450 quia
814 1409 889 1447 quo
900 1394 1051 1447 quisque
1064 1402 1181 1447 magis
1203 1396 1360 1440 excellit,
1373 1410 1416 1434 eo
1428 1399 1555 1433 minus
1567 1394 1807 1433 excusationis
1820 1407 1994 1433 meretur.
2006 1395 2115 1436 secus

303 1455 362 1492 alii
372 1459 670 1504 interpretantur,
679 1451 779 1506 quaii
791 1450 900 1489 iuffiis
908 1451 1014 1490 fuerit
1028 1453 1148 1490 Moses
1159 1451 1335 1489 accersere
1346 1455 1526 1504 principes
1537 1454 1599 1504 qui
1618 1450 1832 1488 sententiam
1845 1450 1979 1488 ferrent
1989 1449 2032 1489 de
2042 1451 2115 1489 sce-

307 1510 434 1546 leratis.
459 1510 508 1546 lta
520 1520 584 1560 per
595 1520 825 1560 pronomen,
840 1506 1138 1558 E08,mtelligunt
1151 1507 1330 1557 quossibet
1342 1520 1422 1544 reos
1432 1508 1495 1558 qui
1505 1507 1642 1544 fuerint
1652 1508 1828 1545 conuicti.
1843 1505 1908 1544 Sed
1919 1506 1982 1544 viic
1992 1506 2115 1559 proba

302 1564 374 1602 bile
384 1563 432 1601 est
444 1592 452 1607 ,
463 1575 604 1601 tantam
627 1562 905 1600 multitudinem
916 1560 1010 1600 fuisse
1019 1561 1227 1615 suspensam
1242 1561 1420 1616 :ideoque
1439 1575 1517 1600 non
1532 1560 1664 1599 dubito
1684 1575 1776 1613 quin
1789 1561 1831 1599 de
1841 1560 2020 1614 peculiari
2031 1563 2115 1616 sup-

306 1620 418 1672 plicio
432 1631 572 1672 agatur.

358 1675 382 1712 6
427 1686 541 1719 rtem»,
557 1676 687 1724 quadam.
735 1672 888 1712 Foedum
904 1679 940 1711 Sc
953 1672 1161 1711 detestabile
1180 1687 1252 1726 prae
1272 1672 1348 1710 aliis
1366 1673 1580 1726 exemplum
1597 1671 1656 1711 hic
1675 1685 1954 1712 commemorat
1973 1671 2112 1714 Moses.

306 1729 478 1769 Dubium
492 1743 568 1768 non
582 1729 631 1768 est
648 1732 738 1783 quin
763 1728 882 1781 plures
906 1732 941 1766 in
956 1741 1055 1767 tanta
1065 1728 1208 1767 licentia
1230 1742 1308 1782 qua:
1321 1735 1398 1766 iam
1417 1729 1623 1780 aliquandiu
1637 1728 1765 1782 passim
1777 1726 1925 1782 grassata
1938 1740 2012 1766 erat
2024 1756 2033 1773 ‚
2048 1741 2114 1767 va·-

304 1787 363 1822 riis
376 1784 519 1835 flagitiis
538 1797 617 1823 tota
627 1782 738 1823 castra
760 1783 988 1836 repleuerint.
1009 1783 1075 1821 Sed
1087 1783 1196 1823 huius
1210 1785 1376 1837 nequitiae
1395 1783 1589 1836 plusquam
1612 1783 1843 1824 effraenisfuit
1862 1788 2114 1837 intemperies,

305 1839 412 1890 quod
427 1844 564 1891 impius
577 1840 639 1877 iste
658 1840 988 1890 Deicontemptor,
1001 1851 1095 1876 inter
1107 1843 1282 1877 omnium
1295 1843 1457 1888 gemitus
1478 1845 1512 1877 8<
1528 1839 1708 1891 lacrymas
1731 1840 1814 1878 Deo
1837 1844 1874 1877 3<
1892 1836 2113 1876 hominibus

305 1894 479 1946 proterue
492 1892 762 1936 iiistiltauit‚acfi
773 1892 815 1928 de
827 1896 932 1929 omni
946 1894 1086 1943 pudore
1097 1899 1128 1929 &
1138 1893 1330 1930 verecudia
1340 1891 1573 1944 triumphum
1587 1893 1846 1944 ageret.Flebat
1856 1891 2060 1930 multitudo
2071 1892 2116 1930 ad

307 1948 602 1991 tabernaculum,
615 1960 743 1997 nempe
755 1948 802 1997 pii
815 1961 948 1985 omncs
959 1961 1020 1997 qui
1034 1949 1285 1997 propinquam
1301 1945 1441 1983 cladem
1456 1946 1654 1984 exhorreba
1662 1959 1719 1989 nt,
1732 1960 1848 1998 quum
1864 1947 1961 1984 certo
1971 1944 2114 1998 persua-

308 2002 333 2040 fi
346 2003 452 2040 essent
465 2014 538 2037 non
557 2003 662 2051 impu
669 2001 714 2035 ne
732 1999 903 2036 cessuram
916 2000 1113 2036 libidinem
1125 2011 1166 2035 cu
1173 2014 1210 2035 in
1230 1999 1439 2035 idololatria
1449 2005 1484 2035 3<
1498 1999 1683 2050 sacrilegiis
1694 2001 1931 2036 coniun&am
1946 2015 1954 2036 ι
1968 2001 2027 2037 hic
2035 2014 2116 2053 per-

307 2059 403 2097 ditus
416 2057 453 2094 in
468 2056 637 2094 medium
648 2055 815 2106 prort'ipit
826 2082 833 2096 ,
846 2061 877 2091 &
892 2066 1021 2091 eorum
1035 2052 1213 2103 lacrymas
1225 2051 1387 2090 ludibrio
1398 2051 1545 2096 habens,
1555 2052 1722 2091 scortum
1734 2052 1879 2104 quasiin
1892 2067 2032 2108 pompa
2044 2067 2115 2094 tra-

306 2114 417 2151 ducit.
441 2111 536 2149 Non
550 2112 688 2148 mirum
703 2110 814 2161 igitur
836 2107 862 2146 fi
873 2121 974 2147 tanta
985 2107 1167 2146 seueritate
1178 2107 1258 2146 vsus
1270 2108 1376 2145 fuerit
1398 2109 1500 2146 Deus
1510 2137 1519 2152 ‚
1534 2122 1650 2161 quum
1666 2109 1710 2147 ad
1721 2121 1882 2147 extrema
1894 2122 2051 2149 ventum
2064 2111 2116 2148 es·

305 2166 600 2215 iet.Notariduin
612 2165 702 2203 vero
714 2164 761 2201 est
772 2161 958 2202 inuersam
980 2162 1046 2202 effe
1057 2163 1214 2201 historiae
1225 2163 1462 2216 seriemzquia
1474 2162 1642 2201 credibile
1656 2177 1731 2201 non
1744 2164 1791 2201 est
1802 2192 1810 2207 ,
1822 2165 2016 2218 postquam
2030 2163 2115 2205 offi-

305 2227 363 2260 cio
375 2216 522 2273 desun‘gi
534 2233 714 2273 coeperant
726 2218 942 2263 iudiccs‚tale
955 2219 1096 2257 facinus
1107 2219 1205 2257 fuisi'e
1215 2219 1397 2257 editt'i.Sed
1407 2216 1483 2256 haec
1496 2222 1658 2256 narratio
1670 2217 1890 2264 inseritur‚vt
1901 2220 2036 2259 melius
2049 2234 2114 2274 pa-

304 2292 374 2316 teat
387 2278 498 2329 quam
523 2274 653 2314 necesse
666 2274 826 2313 fueritad
839 2273 971 2313 duram
983 2273 1256 2326 castigationem
1270 2273 1410 2311 mature
1422 2275 1791 2327 progredizquoniam
1805 2274 1943 2328 alioqui
1953 2289 2034 2315 non
2044 2289 2114 2329 po-

303 2346 396 2372 terat
406 2331 508 2371 malo
522 2330 709 2384 desperato
722 2334 941 2383 intempore
952 2329 1066 2368 afferri
1080 2330 1301 2368 remedium.

361 2383 391 2437 7³
441 2390 534 2438 Qod
549 2403 634 2436 quum
653 2390 762 2437 melisset
790 2390 913 2425 phinees.
965 2384 1149 2423 Laudatur
1166 2386 1457 2438 magnanimitas
1479 2383 1638 2422 Phinees
1648 2414 1656 2430 ‚
1668 2382 1769 2437 quod
1784 2384 1862 2423 aliis
1876 2384 2110 2428 cessantibus,

303 2443 429 2482 sancio
442 2444 520 2480 zelo
533 2443 602 2495 ipse
613 2438 779 2480 accensus
789 2442 851 2485 ,ad
864 2454 1013 2494 poenam
1035 2437 1253 2478 sumendam
1267 2438 1466 2492 prosilierit.
1489 2439 1616 2478 Tacite
1629 2454 1717 2494 ergo
1736 2439 2008 2493 reprehenditur
2018 2439 2110 2479 alio-

302 2512 389 2537 rum
404 2498 540 2541 desidia,
552 2511 718 2551 quorum
728 2509 850 2535 tamen
869 2496 1040 2545 lacrymae
1061 2496 1210 2534 laudem
1230 2508 1437 2533 merentur:
1450 2491 1507 2533 scd
1520 2498 1698 2545 quoniam
1709 2495 1838 2533 dolore
1849 2495 1966 2548 prope
1980 2493 2110 2534 obtor-

303 2544 458 2607 pueiffint
470 2581 479 2596 ,
491 2566 564 2589 uon
579 2553 621 2591 ab
635 2553 738 2591 omni
748 2553 838 2590 vitio
858 2564 949 2604 pura
961 2549 1028 2588 fuit
1039 2564 1170 2588 eorum
1184 2550 1455 2588 virtus.Etcerte
1465 2564 1581 2601 quum
1595 2551 1744 2588 effra‘nis
1762 2549 2030 2589 adhuclicentia
2041 2564 2109 2603 po-

304 2609 380 2663 puli
396 2607 662 2660 spumasinstar
673 2613 786 2646 maris
797 2605 1032 2659 tempestuofi
1044 2609 1187 2644 eiicerct
1201 2634 1210 2649 ‚
1222 2607 1362 2644 mirum
1374 2618 1449 2644 non
1462 2604 1510 2643 est
1531 2605 1724 2643 bonorum
1745 2610 1894 2643 animos
1906 2604 2043 2645 fraEtos
2053 2604 2110 2643 vel

304 2663 441 2702 debiles
451 2661 604 2701 iacuisse.
625 2667 715 2716 Qio
729 2662 951 2715 praestantior
962 2657 1030 2698 fuit
1055 2659 1150 2698 zelus
1161 2659 1312 2700 Phinees
1324 2689 1333 2705 ‚
1348 2661 1436 2699 dum
1452 2673 1509 2699 tot
1530 2659 1775 2713 improbos&
1794 2661 1984 2700 sceleratos
1996 2662 2032 2698 in
2048 2659 2112 2698 sua.

305 2718 452 2757 lasciuia
472 2717 633 2756 furentes
654 2717 812 2756 lacessere
823 2730 896 2755 non
910 2716 1099 2754 dubitauit.
1119 2717 1235 2766 Siquis
1246 2715 1404 2759 obiiciat,
1421 2728 1535 2754 metas
1545 2715 1610 2754 suae
1623 2718 1824 2756 vocationis
1838 2711 2114 2769 excessisle,quia

304 2774 473 2827 gladium
488 2787 565 2824 quo
578 2773 750 2811 diuinitus
761 2785 924 2811 armatus
934 2785 1013 2809 non
1025 2784 1112 2815 erat,
1123 2773 1166 2809 ad
1178 2772 1311 2810 caedcm
1325 2773 1568 2824 arripueritzin
1583 2780 1764 2824 promptu
1777 2771 1824 2809 est
1833 2773 2028 2823 responsio,
2043 2783 2113 2808 vo-

304 2831 487 2868 cationem
508 2842 582 2866 non
602 2827 744 2880 semper
763 2827 911 2878 astringi
929 2827 973 2865 ad
989 2840 1124 2864 munus
1149 2828 1380 2865 ordinarium
1393 2832 1498 2878 ,quia
1524 2827 1822 2865 Deusinterdum
1841 2825 2109 2865 seruissuisrio-
2134 2877 2138 2881 ι

305 2891 417 2922 uas&
431 2884 590 2921 insolitas
610 2883 783 2936 personas
802 2884 980 2934 imponit.
1006 2885 1198 2931 Qatenus
1218 2880 1379 2920 sacerdos
1391 2894 1467 2920 erat
1494 2880 1666 2926 Phinees,
1679 2885 1754 2921 eius
1775 2895 1852 2920 non
1874 2882 1945 2919 fuit
1963 2885 2109 2922 crimen

305 2940 428 2978 vlcisci
446 2956 453 2977 :
468 2940 597 2977 verum
613 2937 782 2990 singulari
803 2939 875 2976 Dei
889 2936 1058 2975 instinffli
1071 2949 1223 2975 vocatus
1234 2937 1299 2982 est,
1312 2936 1481 2975 vthomo
1499 2936 1637 2990 alioqui
1649 2941 1830 2990 priuatus,
1841 2937 2017 2990 Spiritum
2028 2936 2108 2976 san-

306 2999 405 3033 &um
420 2993 568 3033 haberet
578 2995 814 3034 ducemHaec
825 2991 970 3046 quidem
985 2996 1022 3030 in
1037 2992 1247 3044 exemplum
1260 2991 1353 3030 trahi
1365 3005 1437 3030 non
1452 2991 1594 3035 debent,
1605 2992 1739 3030 vtinde
1751 2992 1922 3030 statuatur
1931 3005 2107 3029 commu·

307 3062 361 3086 nis
372 3050 492 3101 regula
507 3052 671 3087 :interim
684 3061 813 3087 tamen
826 3060 953 3085 manet
967 3047 1027 3085 sua
1050 3049 1132 3086 Deo
1145 3046 1291 3085 libertas
1303 3077 1311 3092 ,
1322 3060 1361 3085 vt
1372 3047 1563 3100 priuilegio
1577 3046 1697 3086 seruos
1719 3047 1801 3085 suos
1814 3048 1922 3086 adres
1931 3047 2104 3100 gerendas

306 3116 416 3155 prout
427 3104 545 3141 visum
559 3104 668 3142 suci-it
680 3104 860 3156 praeficiat.
872 3104 986 3141 Cuius
1000 3105 1048 3140 rei
1070 3116 1210 3140 certum
1235 3104 1496 3141 Deiiudicium
1510 3103 1582 3139 fieri
1597 3102 1714 3153 potest
1723 3102 1765 3140 ab
1778 3115 1855 3140 eius
1867 3102 2105 3154 approbatio-

306 3160 481 3196 nezsicuti
496 3161 602 3199 firma
629 3164 769 3198 ratione
780 3155 1154 3210 colligimusssabipso
1175 3157 1421 3209 gubernatum
1442 3155 1538 3196 fuisse
1559 3156 1925 3210 Phinees,quiamox
1940 3170 2105 3209 pronun-

101 3217 410 3268 pffl105,0,30‚tiauit
433 3212 495 3251 libi
510 3213 650 3252 facinus
670 3215 809 3267 placere
836 3214 936 3264 quod
948 3212 1109 3250 similiter
1124 3214 1161 3251 i'n
1185 3211 1329 3250 Psalmo
1340 3225 1526 3264 repetitur.
1551 3212 1668 3250 Nunc
1681 3215 1786 3263 siquis
1797 3210 1916 3250 homo
1928 3217 2103 3263 priuatus,

101 3274 248 3312 Iob-9550.

307 3268 526 3321 praepostcio
539 3269 615 3306 zelo
628 3270 661 3306 se
672 3271 713 3308 ad
722 3268 956 3322 puniendum
967 3267 1082 3305 simile
1091 3272 1232 3306 crimen
1247 3267 1531 3320 ingerat,frustra
1542 3268 1575 3306 se
1587 3270 1813 3306 imitatorem
1829 3266 1981 3304 Phinees
1992 3267 2104 3304 iatsta-

309 3323 438 3368 bi't,nisi
450 3322 593 3363 caelestis
607 3325 742 3363 maidati
751 3323 867 3377 probe
879 3324 938 3362 sibi
951 3323 1116 3363 conscius
1126 3322 1434 3362 fucrit.Occurrat
1446 3326 1558 3378 igitur
1570 3321 1669 3377 seper
1679 3321 1787 3361 nobis
1798 3321 1932 3361 Christi
1944 3320 2101 3374 respost'i‚
