2238 3587
729 95 803 135 IN
850 96 1186 139 GENESIN.
1800 120 1863 158 327

34 170 147 207 totius
157 164 263 204 salus.
277 163 487 211 Benedicfitio
498 164 630 203 semini
646 163 804 205 Abrabae
814 167 993 220 promiss‘a
1005 178 1059 211 (vt
1072 175 1174 221 prius
1187 169 1364 212 vidimus>
1378 172 1441 208 nifi
1453 169 1496 210 ab
1505 183 1582 209 vno
1593 175 1704 225 capite
1716 172 1855 218 flueret,

30 234 110 262 tata
120 217 276 260 essenon
288 232 448 271 poterat.
463 220 567 259 Idem
580 233 682 259 nunc
693 220 844 260 testatur
853 223 963 261 Iacob
973 236 985 267 ·‚
997 236 1199 262 venturum
1215 225 1286 262 effe
1295 239 1424 279 regem
1440 224 1504 264 sub
1517 241 1593 279 quo
1605 228 1676 266 suis
1686 235 1857 268 numeris

32 275 216 316 constabit
225 274 403 328 promissa
412 275 475 313 illa
487 275 738 314 felicitas-Hoc
751 290 800 314 ne
811 277 924 316 Iudaei
935 280 1087 330 quidem
1100 279 1294 331 negabunv
1303 280 1337 329 bi
1349 283 1504 334 viguerit
1517 282 1715 322 mediocris
1726 283 1856 325 benedi

31 332 107 370 etio
115 334 155 370 in
168 330 269 369 tribu
279 329 485 383 Iuda,spem
501 330 666 369 melioris
678 338 711 370 ὅ(
723 332 991 371 excellentioris
1000 334 1107 371 status
1121 332 1181 370 hic
1190 334 1281 375 dari.
1293 335 1463 373 Alterum
1476 339 1589 375 etiam
1602 338 1756 377 libenter
1765 354 1856 378 con·

0 382 1 385 ¹
34 385 298 439 oedent‚plenae
311 392 348 425 8(
363 383 490 424 solidae
501 385 677 425 felicitatis
688 392 727 425 ὅ(
738 386 865 438 gloriae
884 392 1040 427 vnicum
1052 387 1250 426 authorem
1263 388 1330 426 csse
1350 390 1533 431 Messiam.
1553 394 1723 432 Tertium
1746 407 1856 447 caput

32 440 138 494 quod
147 454 194 480 ne
204 441 287 494 ipsis
295 442 447 494 quidem
459 441 753 496 repugnantibus
764 438 882 480 facere
894 442 1095 487 licet,nunc
1106 445 1297 487 addamus,
1312 457 1401 495 regn
1409 458 1429 482 u
1438 459 1472 482 m
1487 447 1589 498 quod
1600 450 1732 502 incepit
1743 453 1762 489 a
1774 451 1855 489 Da-

31 496 128 541 uide,
138 497 361 550 praeludium
373 496 477 535 fuisse
487 497 680 550 quoddam
693 510 736 534 ac
746 496 1118 551 vmbr'atilespecime
1129 502 1284 537 maioris
1293 499 1389 538 illius
1399 502 1524 550 gratia:
1541 514 1619 554 quae
1629 503 1664 539 in
1678 505 1853 543 aduetum

0 591 1 599 ,
19 550 175 591 ‘Meffiae
186 551 294 590 dilata
303 552 375 590 fuit
398 565 440 591 ac
450 550 630 605 suspensa.
652 551 816 590 Nullum
833 552 986 604 quidem
996 553 1190 607 spititualis
1202 563 1302 604 regni
1313 554 1465 607 gustum
1478 563 1719 609 concipiunt:
1733 564 1855 611 itaque

31 620 125 660 opes
134 612 263 660 >potius
274 606 500 661 fibilfingunt
509 636 519 652 ,
533 615 565 647 ὅ(
575 606 986 661 potentiam‚suaueque
996 613 1120 647 otium
1141 615 1174 648 δε
1185 619 1366 647 terrenam
1379 615 1631 650 amoenitatem
1645 612 1706 650 fibi
1717 627 1855 666 propo-

31 675 130 701 nunt
141 662 253 716 quam
265 663 440 701 iustitiam
451 692 461 708 ‚
474 666 557 702 vitae
569 665 781 701 nouitatem
794 660 882 701 cum
893 666 1053 717 gratuita
1065 676 1301 715 peccatorum
1311 670 1436 705 venia.
1469 668 1644 705 Fatentur
1657 667 1854 707 nihilomi-

12 723 16 728 '
31 730 101 757 nus
110 746 121 762 ,
132 732 213 769 quae
225 717 291 756 sub
300 716 430 757 Meffia
441 718 618 772 speranda
627 729 703 756 erat
712 719 1073 762 felicitas‚veter1suo
1084 732 1206 770 regno
1221 718 1608 760 fuisse.adumbratam.
1623 722 1738 761 Nunc
1748 723 1854 762 redeo

30 773 82 812 ad·
92 773 207 812 verba
218 773 442 818 lacob‚1>onec
451 783 555 814 ueniat
566 773 1132 826 silab‚inquinrefidebicsoeperumvel
1145 774 1361 813 dominatio
1373 772 1634 818 miudaPrimo
1645 778 1852 818 videndum

31 828 80 867 est
88 830 181 882 quid
189 827 368 881 significet
376 842 450 868 vox
462 829 665 881 ni‘7vw.Q1ia
675 830 930 880 Hieronymus
939 831 1138 883 vertithu‘
1148 832 1351 870 mittendus
1362 829 1557 884 cstzputant
1567 833 1716 872 nonulli
1729 831 1855 873 fraude

29 897 252 938 corruptum
264 884 328 922 effe
347 883 477 922 locum
488 912 498 929 ‚
512 897 555 923 ac
564 883 707 924 literam
720 900 739 922 n
750 883 1141 938 suppofitam'fuiffein
1152 883 1279 923 locum
1292 902 1326 926 n.
1339 887 1440 940 quod
1453 887 1533 926 licet
1544 889 1699 927 firmum
1710 901 1790 928 non
1802 889 1855 933 fit,

27 944 107 978 veri
118 952 243 978 tamen
251 937 562 992 fimileest.Qod
574 953 618 978 ex
627 938 758 977 ludaeis
769 941 923 991 quidam
936 941 1065 979 locum
1077 942 1196 979 notari
1205 944 1340 980 volunt
1351 942 1415 981 vbi
1426 945 1487 981 diu
1499 947 1650 996 reposita
1662 943 1779 984 fuerat
1789 947 1857 983 Ar-

28 1009 70 1033 ca
81 994 240 1039 foederis,
252 997 338 1045 quia
350 994 462 1047 paulo
476 1006 561 1033 ante
572 993 772 1033 exordium
783 1009 887 1047 regni
901 996 1058 1036 Dauidis
1069 999 1106 1034 in
1121 996 1326 1035 vastitatem
1339 998 1503 1037 redactus
1514 1000 1561 1037 est
1572 1027 1582 1044 ,
1594 1003 1742 1038 ratione
1750 1013 1855 1053 pror-

28 1051 86 1088 sus
95 1049 347 1101 caret.Neque
357 1051 463 1089 enim
476 1049 537 1088 hic
546 1051 712 1103 praedicit
725 1051 834 1089 Iacob
845 1066 923 1103 quo
934 1064 1106 1104 tempore
1117 1052 1346 1091 ordinandus
1359 1056 1396 1091 fit
1408 1066 1471 1091 rex
1483 1054 1680 1093 Dauidzscd
1691 1068 1853 1106 regnum

27 1107 110 1144 fore
120 1104 243 1143 stabile
254 1106 292 1143 in
307 1106 383 1143 eius
395 1104 722 1159 domo,quousque
734 1106 886 1160 impleat
900 1110 1002 1147 Deus
1013 1106 1114 1158 quod
1126 1107 1313 1159 pollicitus
1324 1108 1374 1146 est
1392 1109 1434 1147 de
1447 1109 1618 1162 singulari
1629 1109 1851 1149 benedictio-⁷

26 1158 515 1200 neseminisAbrahae.Adde
526 1161 628 1213 quod
637 1162 728 1200 dura
740 1162 821 1200 effer
831 1163 1254 1206 accoanaiocuuo,s110
1265 1169 1403 1204 venire:
1414 1168 1625 1215 pro,venire
1636 1167 1710 1205 cius
1721 1167 1854 1206 finem.

26 1215 158 1267 Longe
170 1216 304 1254 rectius
314 1222 350 1254 8(
362 1222 631 1268 congruentius
643 1230 838 1271 exponunt
848 1218 909 1256 alii
920 1218 1280 1270 interpretes‚Filium
1293 1223 1371 1258 eius
1384 1224 1460 1258 :niu
1471 1221 1568 1257 enim
1582 1220 1679 1259 filius
1692 1220 1853 1260 Hebraeis

27 1273 202 1309 diciturzn
211 1271 300 1309 vero
309 1274 473 1324 positum
485 1270 550 1310 effe
562 1273 692 1311 dicunt
700 1271 788 1311 loco
799 1287 809 1312 ‘i
822 1274 1104 1326 relatiui.Atque
1115 1287 1153 1312 in
1168 1272 1268 1312 bunc
1279 1274 1422 1313 sensum
1434 1279 1557 1314 maior
1567 1289 1649 1328 pars
1659 1276 1852 1315 descendit.

26 1327 96 1365 Sed
110 1339 249 1365 iterum
269 1326 289 1366 :¹2
300 1341 429 1366 mente
451 1327 671 1366 Patriarchae
694 1341 888 1381 perperam
901 1329 1066 1368 dissident
1087 1327 1196 1368 Iudaei
1207 1329 1299 1368 dum
1312 1328 1393 1368 hoc·
1403 1330 1570 1370 referunt
1583 1333 1627 1369 ad
1651 1332 1849 1371 Dauidcm.

25 1381 253 1425 Nam(ficuti
263 1396 386 1437 nuper
396 1386 570 1435 attigimo
584 1385 816 1437 promittitur
826 1389 930 1438 regni
943 1387 1051 1438 origo
1064 1388 1104 1423 in
1122 1385 1348 1429 Dauide‚fed
1360 1384 1526 1425 absoluta
1538 1386 1709 1439 perfectio
1720 1401 1758 1425 in
1771 1383 1860 1425 Mes

24 1439 85 1478 fia.
107 1439 149 1476 Et
159 1438 254 1476 certe
265 1450 347 1476 tam·
358 1437 464 1477 crassa
474 1439 675 1478 absurditas·
688 1454 767 1478 non
779 1440 896 1494 longa
903 1439 1125 1479 refutatione
1137 1440 1287 1493 indiget.
1298 1442 1402 1496 Qid
1411 1443 1511 1479 enim
1523 1441 1595 1479 hoc
1606 1442 1667 1480 fibi
1678 1443 1853 1488 vellet,re-

23 1506 145 1544 gnum
156 1494 270 1531 finem
283 1494 336 1531 no
346 1495 492 1546 accipiet
502 1498 540 1532 in
550 1494 650 1533 tribu
664 1496 751 1533 Iuda
764 1495 884 1534 donec
895 1499 1014 1534 creeh'i
1026 1495 1457 1541 fucrit÷CerteRecedere
1467 1497 1559 1536 nihil
1569 1498 1668 1537 aliud
1677 1498 1727 1536 est
1737 1498 1852 1551 quarn

24 1547 209 1588 desineres
223 1549 368 1588 Deinde
380 1554 606 1588 continuam
616 1550 746 1588 seriem
758 1554 866 1602 ponit
877 1551 1094 1595 Iacob‚dum
1106 1550 1261 1590 scribam
1269 1552 1502 1591 recessurum
1516 1567 1538 1590 n
1545 1565 1625 1606 egat
1637 1566 1679 1590 ex
1688 1553 1851 1607 pedibus,

25 1604 134 1642 Nam
153 1616 276 1657 regem
291 1611 330 1641 in
344 1603 440 1641 solio
451 1606 524 1642 iam
535 1604 701 1643 locatum
714 1605 780 1643 esse
791 1618 996 1657 oportet‚Vt
1007 1605 1118 1643 scriba
1129 1606 1246 1644 sedeat
1255 1619 1352 1644 inter
1364 1611 1442 1645 eius
1452 1608 1807 1659 pedesDescribitur
1817 1622 1855 1647 er

23 1671 77 1712 go
88 1658 200 1697 nobis
209 1660 487 1711 rcgnum,quod
498 1659 654 1712 postqua
664 1659 911 1698 constitutum
922 1659 1031 1698 fuerit
1046 1674 1125 1698 non
1137 1660 1271 1700 desinet
1282 1661 1470 1715 quousque
1481 1661 1649 1701 succedat
1660 1664 1854 1716 perfefflor

24 1713 152 1751 status:
163 1713 223 1751 vel
235 1714 338 1764 quod
347 1713 444 1751 idern
459 1714 570 1756 valet,
581 1714 750 1753 futurum
763 1716 918 1754 Dauidis
927 1728 1084 1767 regnum
1095 1714 1170 1753 hoc
1182 1716 1291 1754 titulo
1304 1716 1550 1756 commendat
1560 1718 1775 1769 Iacobzquia
1786 1718 1852 1758 tes—

23 1767 100 1806 sera
118 1781 158 1806 ac
170 1770 309 1821 pignus
319 1767 401 1805 esset
422 1765 537 1805 bcarae
549 1767 646 1805 illius
664 1768 791 1818 gloria·
801 1775 968 1821 quatiam
980 1770 1072 1807 olim
1093 1770 1250 1808 Abrahae
1269 1775 1393 1820 generi
1406 1772 1574 1811 destinata
1586 1787 1673 1813 erat.
1696 1775 1738 1811 ln
1749 1772 1850 1812 surn—

25 1838 90 1862 ma
100 1852 110 1868 ,
123 1836 286 1874 regnum
296 1822 401 1876 quod
412 1822 581 1860 transfert
591 1825 631 1860 in
643 1822 784 1860 tribum
797 1822 885 1861 Iuda
894 1852 903 1867 ‚
915 1837 996 1861 non
1007 1825 1087 1861 fore
1095 1823 1249 1876 vulgare
1260 1828 1490 1875 pronuntiat:
1503 1829 1588 1879 quia
1605 1830 1688 1866 inde
1699 1829 1851 1868 tandem

25 1880 222 1933 prouenict
233 1876 419 1931 promissae
432 1877 698 1917 benedietionis
711 1878 1092 1931 compleme'tum.Sed
1104 1877 1166 1916 hic
1175 1882 1382 1931 procaciter
1391 1879 1562 1930 insurgut
1572 1881 1805 1934 Iudaei‚quod
1816 1894 1852 1921 ek

25 1948 160 1974 uentus
170 1934 337 1973 nostrum
354 1946 520 1972 errorem
532 1946 600 1972 coa
609 1946 724 1985 rguat.
738 1935 840 1972 Nam
855 1935 970 1986 regni]
981 1933 1027 1972 ad
1046 1933 1183 1972 Christi
1196 1933 1311 1986 Vsque
1321 1933 1527 1972 aduentum
1539 1948 1772 1990 nequaquam
1783 1938 1852 1976 du-

25 1988 111 2029 rasse
122 1989 346 2043 costatzquin
361 1991 481 2042 potius
498 1991 540 2027 'ex
554 2003 630 2041 quo
642 1991 683 2028 in
694 1989 848 2027 exilium
861 1991 1047 2028 tradu&us
1060 1989 1110 2028 est
1120 1989 1478 2042 populus,sceptrum
1489 1989 1591 2030 fuiffe
1602 1993 1848 2032 confractum.
1898 1998 1902 2002 '

24 2046 167 2085 Verum
182 2048 203 2083 fi
216 2046 328 2084 fidem
339 2044 475 2083 habent
487 2047 682 2088 vaticiniis,
693 2057 894 2096 antequam
907 2045 1062 2083 illorum
1078 2044 1326 2084 obiefflonem
1339 2045 1455 2090 diluo,
1468 2046 1579 2085 velim
1592 2047 1687 2086 mihi
1701 2048 1851 2102 respon-

27 2104 138 2141 deant
150 2101 348 2157 quomodo
362 2100 421 2139 hic
433 2101 552 2153 regnu
565 2099 716 2150 assignet
727 2099 842 2138 Iacob
853 2100 930 2137 filio
946 2100 1048 2139 luda.
1062 2115 1151 2138 nam
1168 2104 1244 2152 quii
1255 2101 1411 2139 vixdum
1423 2102 1534 2140 firma
1545 2100 1625 2141 esset
1636 2105 1710 2145 eius
1722 2104 1849 2156 poffes-

26 2157 78 2195 fio
91 2186 101 2201 ‚
112 2156 263 2211 repente
281 2156 480 2195 laceratum
493 2154 598 2193 fuisse
616 2155 752 2193 scimus
764 2185 772 2199 ‚
785 2156 981 2206 totamque
1001 2155 1073 2194 fere
1093 2171 1166 2194 eius
1187 2158 1390 2208 potentiam
1401 2171 1634 2210 (occupatam
1648 2158 1674 2197 -21
1684 2160 1780 2198 tribu
1806 2163 1849 2198 E-

27 2211 187 2264 phraim.
209 2219 264 2250 An
281 2214 387 2251 Deus
399 2211 598 2249 secundum
611 2211 708 2264 ipsos
718 2210 780 2248 hic
789 2223 853 2263 per
865 2225 906 2249 os
928 2211 1037 2249 Iacob
1051 2212 1253 2249 euanidum
1266 2211 1420 2264 aliquod
1431 2226 1586 2265 regnum
1600 2218 1769 2267 promisit
1782 2228 1792 2254 ε
1815 2217 1849 2254 Si

27 2271 212 2320 excipiant
224 2296 232 2310 ‚
244 2281 324 2305 non
336 2267 420 2305 ideo
430 2265 529 2304 fuisse
539 2265 699 2304 frat-Cium
711 2264 888 2319 sceptrum
902 2295 911 2311 ,
925 2271 1081 2319 quanuis
1092 2280 1229 2318 magna
1243 2268 1371 2320 populi
1384 2281 1485 2321 parte
1499 2270 1675 2321 spoliatus
1686 2270 1757 2309 fuit
1769 2272 1848 2310 Ro-

27 2322 142 2362 boam
154 2352 163 2367 ‚
177 2322 248 2360 hoc
257 2322 392 2360 cauillo
412 2321 569 2360 minime
580 2321 753 2375 effugient
767 2337 776 2359 :
790 2330 875 2375 quia'
887 2321 1016 2361 diserte
1033 2325 1235 2375 imperium
1248 2323 1343 2362 Iudae
1355 2322 1400 2363 ad
1410 2323 1528 2363 tribus
1539 2339 1676 2364 omnes
1683 2327 1850 2365 extendi·

25 2377 158 2422 tui-‚his
168 2376 299 2423 verbis,
308 2379 416 2417 Genu
425 2375 633 2417 curuabunt
645 2389 771 2415 coram
783 2389 817 2415 te
832 2377 897 2415 filii
909 2382 1036 2416 matris
1046 2377 1239 2416 tuae.Nihil
1251 2391 1339 2432 ergo
1351 2392 1483 2417 contra
1501 2394 1573 2419 nos
1583 2381 1737 2420 afferunt
1747 2383 1849 2434 quod

24 2447 106 2472 non
120 2435 443 2487 protinusinipsos
461 2430 617 2472 vicissim
629 2432 970 2485 retorquercliceat.
992 2434 1179 2472 Nondum
1194 2446 1320 2472 tamen
1342 2435 1460 2473 soluta
1471 2436 1517 2473 est
1528 2438 1678 2487 quaestio
1691 2466 1700 2482 ,
1714 2436 1845 2476 fateor:

27 2489 87 2528 sed
96 2487 170 2528 hoc
187 2487 328 2542 praefari
339 2488 451 2528 libuit
461 2517 471 2533 ‚
482 2501 523 2527 vt
539 2489 650 2528 Iudaei
661 2489 826 2542 deposito
845 2489 1099 2528 calumniandi
1108 2489 1226 2528 studio
1238 2519 1246 2534 ‚
1258 2503 1337 2528 rem
1350 2492 1468 2543 ipsam
1479 2488 1617 2530 discant
1624 2491 1766 2545 placide
1779 2506 1847 2530 no-

28 2544 170 2584 biscum
180 2545 385 2597 expendere.
397 2545 613 2597 Perpetuam
625 2542 942 2597 gubernationem
951 2546 989 2582 in·
997 2544 1099 2583 tribu
1111 2546 1199 2584 Iuda
1210 2545 1284 2583 hoc
1295 2547 1366 2584 fere
1375 2547 1494 2584 modo
1521 2559 1716 2587 contexere
1727 2548 1847 2587 solent

28 2599 240 2641 Christiani.
248 2603 385 2650 Qum
395 2599 442 2638 ab
454 2600 565 2639 exilio
584 2600 746 2640 reuersus
756 2600 807 2638 est
817 2599 980 2653 populus
991 2629 1000 2644 ,
1013 2600 1100 2638 loco
1112 2601 1238 2655 sceptri
1249 2604 1339 2655 regii
1353 2598 1451 2640 fuisse
1462 2601 1585 2642 dicunt
1593 2605 1844 2657 principatum

27 2658 90 2708 qui
100 2658 212 2708 Vsque
221 2655 269 2694 ad
279 2654 520 2695 Machabaeos
530 2657 687 2695 durauit.
695 2656 839 2694 Deinde
851 2653 1043 2695 succeffi‘ffc
1054 2661 1206 2696 tertium
1218 2658 1405 2709 regiminis
1416 2657 1591 2697 modum:
1605 2674 1690 2712 quia
1699 2660 1844 2698 summa

27 2711 215 2751 iudicandi
231 2712 387 2764 potestas
397 2725 505 2765 penes
524 2710 751 2765 septuaginta
762 2712 871 2750 fuerit
881 2741 891 2757 ‚
905 2726 999 2763 quos
1007 2725 1048 2751 ex
1059 2726 1197 2766 genere
1216 2715 1321 2765 regio
1334 2711 1494 2752 delectos
1515 2712 1615 2753 fuisse
1634 2728 1676 2752 ex
1687 2713 1842 2752 historiis

31 2767 184 2808 constat.
207 2766 311 2805 Adeo
322 2780 450 2806 autem
464 2781 541 2805 non
562 2767 772 2806 conciderat
782 2767 844 2806 illa
853 2771 940 2819 regii
951 2781 1094 2822 generis
1105 2769 1309 2808 authoritas
1320 2798 1330 2814 ,
1341 2782 1381 2808 vt
1401 2770 1564 2808 Herodes
1574 2770 1618 2808 ad
1630 2770 1777 2807 causam
1787 2769 1841 2807 di:

29 2824 183 2862 cendam
197 2835 328 2861 citatus
340 2852 348 2867 ,
359 2825 421 2861 vix
430 2823 584 2876 capitale
595 2822 809 2876 supplicium
825 2821 989 2875 effugerit
1003 2829 1109 2878 :quia
1119 2829 1390 2864 Contumaciter
1400 2825 1433 2864 se
1442 2823 1839 2865 subduxeratconclu-

30 2879 241 2932 duntigitur
251 2877 366 2916 nostri
377 2908 386 2924 ,
400 2880 555 2929 quanuis
573 2893 651 2917 non
665 2877 896 2932 respIEduei·it
908 2883 1007 2931 regia
1017 2880 1183 2920 maiestas
1196 2881 1215 2919 a
1229 2882 1378 2920 Dauide
1386 2880 1499 2935 vsque
1510 2881 1553 2919 ad
1569 2878 1841 2923 Christum‚ste-

30 2932 105 2972 tisse
121 2946 244 2973 tamen
265 2933 426 2985 aliquem
449 2936 695 2988 principatum
720 2938 757 2973 in
770 2934 865 2972 tribu
889 2934 976 2973 luda
986 2964 996 2980 ‚
1009 2948 1116 2988 atque
1127 2939 1176 2975 ita
1198 2936 1395 2990 impletum
1410 2935 1508 2974 fuisse
1526 2934 1733 2973 oraculum.
1756 2936 1841 2973 Haec

30 3002 244 3040 quanquam
255 3003 341 3028 vera
352 2991 437 3027 sunt
449 3019 457 3033 ‚
467 2993 591 3028 maior
601 3003 726 3029 tamen
738 2990 821 3028 loco
835 2989 950 3042 probe
962 2991 1185 3031 excutiendo
1198 2991 1406 3031 adhibenda
1418 2991 1466 3029 est
1475 2989 1677 3028 dexteritas.
1702 2992 1753 3028 Ac
1764 2994 1841 3042 pri-

29 3042 97 3082 mo
118 3047 319 3083 tenendum
332 3043 492 3090 ,tribum
512 3044 602 3083 Iuda
612 3049 687 3084 iam
700 3059 801 3084 nunc
811 3044 980 3084 constitui
990 3051 1193 3101 principem
1207 3061 1304 3086 inter
1314 3047 1400 3086 alias
1412 3075 1420 3089 ‚
1433 3056 1471 3083 vt
1482 3045 1655 3097 dignitate
1666 3048 1838 3090 emineat,

30 3103 186 3150 quanuis
198 3102 369 3139 nondum
383 3102 509 3152 adepta
518 3099 559 3138 fit
569 3104 839 3155 imperium.Et
849 3101 940 3141 certe
952 3105 1156 3155 primatum
1171 3108 1199 3141 ei
1213 3102 1311 3142 fuisse
1321 3102 1415 3140 vltro
1429 3101 1638 3138 concessum
1649 3101 1669 3140 a
1678 3100 1837 3155 reliquis,

31 3168 73 3193 ex
84 3169 161 3208 quo
173 3155 380 3208 redemptus
399 3155 468 3194 fuit
479 3157 657 3208 populus,
671 3157 764 3195 testis
777 3156 824 3195 est
833 3156 915 3195 alibi
934 3158 1071 3200 Moses,
1092 3159 1261 3197 Secundo
1272 3158 1356 3196 loco
1369 3156 1566 3194 tenendum
1579 3156 1627 3195 est
1638 3187 1647 3201 ,
1659 3156 1770 3196 huius
1784 3156 1839 3196 di-

30 3214 182 3263 gnitatis
200 3209 380 3263 specimen
401 3214 518 3263 magis
531 3211 753 3251 luculentum
776 3227 814 3249 in
827 3225 944 3266 regno
956 3219 1119 3267 proponi
1130 3215 1231 3268 quod
1241 3214 1441 3265 auspicatus
1450 3210 1497 3250 est
1518 3212 1618 3251 Deus
1629 3215 1667 3250 in
1679 3212 1837 3252 Dauide.

30 3269 262 3319 Qanquam
273 3269 356 3304 aute‘
367 3267 477 3319 paulo
489 3267 566 3320 post
576 3267 723 3320 sequuta
734 3267 782 3306 est
791 3266 944 3306 defectio
954 3295 965 3314 ,
976 3282 1016 3307 vt
1028 3283 1163 3323 exigua
1171 3272 1294 3322 portio
1306 3268 1575 3306 dominationis
1586 3269 1624 3306 in
1638 3266 1736 3306 tribu
1749 3268 1837 3306 Iuda

32 3320 162 3360 steterit
176 3338 183 3359 :
196 3325 252 3360 ius
273 3334 398 3360 tamen
419 3322 598 3363 diuinitus
611 3337 644 3363 el
653 3323 833 3362 collatum
857 3324 1016 3363 minime
1037 3328 1160 3376 potuit
1169 3327 1273 3375 eripi.
1298 3321 1379 3360 idco
1399 3336 1475 3374 quo
1496 3336 1668 3376 tempore
1690 3323 1837 3361 summa

1579 3392 1673 3418 een.
